3358 5154
804 461 1015 524 ,13-

317 630 499 696 Halmium
514 628 751 714 Haasinmque
774 631 913 694 auctore
929 627 1058 693 0161116
1082 627 1231 692 adicitur
1246 631 1298 706 est,
1322 645 1390 711 quo
1405 628 1496 692 recte

319 733 557 799 abstinuerant
579 731 772 816 superiores
789 731 946 795 editores,

404 851 602 918 Orationem
618 851 816 935 ceteroquin
831 851 939 935 probe
953 849 1160 915 intellectam
1175 851 1309 913 intruso
1325 848 1494 914 vocabulo

319 971 479 1018 onerasse
493 951 655 1016 Halmius
674 951 811 1016 videtur
833 951 868 1015 II
893 957 963 1032 111,
983 955 1063 1016 1-2
1086 954 1270 1015 emulorum
1291 949 1495 1031 equitumque

319 1053 543 1120 Rmuomorom
564 1057 691 1118 euectae
713 1053 756 1117 od
777 1052 813 1117 id
833 1052 944 1117 bellom
966 1073 1091 1134 operae:
1112 1050 1300 1136 (prompte)
1319 1051 1493 1132 pollicitati.

317 1156 427 1222 ommia
448 1155 524 1220 hoec
543 1154 670 1238 frustra
690 1175 977 1237 promerueramus,
1001 1173 1069 1239 eqs.
1115 1155 1193 1220 Iure
1216 1156 1419 1238 aspernatus
1442 1158 1495 1219 661

317 1258 517 1343 Hottingeri
540 1257 796 1323 distinctionem
810 1255 976 1322 'fallacem
987 1255 1156 1338 pollicitati
1170 1255 1287 1320 ommia.
1310 1254 1395 1336 hoec,
1418 1256 1493 1321 iure

317 1379 541 1446 quaecunque
564 1358 624 1424 alii
652 1358 815 1425 hariolati
842 1362 936 1424 sunt:
971 1359 1030 1424 sed
1064 1378 1125 1423 cur
1157 1359 1295 1423 tandem
1329 1377 1493 1443 negemus

316 1463 487 1528 VeHeium
509 1463 647 1528 concisa
668 1462 835 1527 brevitate
859 1462 899 1526 de
922 1460 1094 1526 industria
1116 1461 1344 1526 nsumsolum
1359 1462 1491 1546 111666-

317 1566 428 1631 suisse
443 1562 634 1646 pollicitati?

403 1682 505 1750 Cadit
531 1683 599 1748 tale
627 1683 760 1767 aliquid
787 1683 890 1747 etiam
916 1682 953 1747 iu
975 1682 1010 1747 Π
1034 1686 1084 1762 72,
1108 1685 1127 1748 5
1151 1701 1289 1746 ..mm
1310 1681 1462 1748 Fortoua
1472 1683 1493 1761 ¹)

317 1807 385 1852 raom
406 1785 582 1851 electionem
605 1785 709 1864 daret,
731 1784 920 1868 perfoepium
941 1785 1116 1850 estenderet
1141 1783 1361 1867 mitialempae
1383 1791 1492 1868 tempe·

315 1893 426 1954 stotem
446 1885 645 1971 fecpimtilas
670 1886 765 1951 statio
784 1908 846 1969 pro
870 1891 966 1968 porta
986 1886 1076 1970 foret.
1120 1887 1298 1952 Inseruere
1326 1890 1403 1952 ante
1423 1909 1492 1971 per-¹

314 1991 444 2076 sopiam
466 1988 646 2055 Gelonium
669 1989 777 2054 secuti
797 1990 851 2053 seul
872 1989 1099 2054 recentissimi
1122 1989 1283 2066 editores,
1307 2010 1384 2055 cum
1406 2010 1492 2056 sano

316 2093 445 2159 indicio
470 2095 589 2157 contra
614 2091 800 2157 iudicasset
825 2091 992 2170 Kritzius,
1021 2092 1077 2156 cni
1098 2091 1246 2176 praeivit
1267 2093 1493 2159 Ruhnkenius

316 2197 519 2263 temeritatis
541 2196 639 2261 illam
662 2195 830 2260 rationem
852 2195 1025 2260 incusans.

400 2317 448 2384 Ut
468 2317 524 2382 his
551 2316 637 2382 locis
659 2317 767 2401 petita
789 2316 956 2381 orationis
979 2317 1133 2401 gravitas
1155 2316 1367 2381 inculcandis
1390 2335 1492 2380 voca-

317 2421 409 2488 bulis
442 2417 658 2504 infringitur,
692 2419 743 2483 ita
764 2418 799 2482 II
822 2422 873 2499 89,
897 2417 1015 2483 616116
1040 2417 1097 2483 sab
1123 2418 1308 2500 imperatore
1328 2421 1415 2500 peste

315 2543 406 2588 omme
428 2521 498 2586 oeoi
519 2521 572 2586 sai
593 2521 734 2603 sputiecm
756 2521 978 2603 impensorum
1000 2520 1039 2586 im
1055 2520 1090 2584 id
1103 2520 1204 2585 solam
1219 2541 1296 2602 opos
1309 2519 1492 2601 scriptorem

314 2625 459 2710 fotipumt
487 2661 530 2670 -
557 2623 648 2708 quod
683 2624 714 2688 si
746 2623 854 2688 libere
886 2624 1015 2702 vertas,
1048 2622 1161 2707 possis
1195 2623 1489 2701 ,unausbleiblich‘

317 2728 460 2807 adicere,
480 2763 515 2772 -
540 2725 706 2789 mutando
728 2723 872 2808 infringi
895 2724 1071 2788 consentio
1096 2743 1173 2788 cnm
1187 2725 1323 2789 Kritzio
1346 2725 1486 2809 ideoque

315 2830 420 2896 161616
444 2830 477 2892 61
498 2827 651 2894 Acidalii
671 2826 811 2910 fotipmt
831 2825 990 2911 plurimis
1014 2829 1047 2890 61
1072 2825 1186 2891 Vossii
1206 2825 1386 2910 fotipureat
1405 2825 1487 2890 Hal·

315 2933 385 2998 mio
406 2932 563 3016 probata,
587 2930 876 3015 quemadmodum
897 2927 952 2992 vel
974 2927 1009 2993 H
1032 2932 1082 3008 32,
1106 2935 1121 2993 1
1145 2928 1182 2992 11
1206 2927 1246 3008 Q.
1271 2925 1387 2994 Catuli
1409 2949 1490 2994 voce

318 3035 355 3115 ,si
377 3034 455 3116 qaid
477 3033 552 3098 laic
575 3032 738 3110 occiderit,
765 3051 858 3113 qoem
884 3029 923 3094 iu
950 3029 1019 3096 cias
1041 3030 1142 3095 locam
1162 3030 1382 3096 mbstitaitis?‘
1404 3032 1490 3096 vivi-

316 3137 393 3202 dius
416 3154 578 3221 praesens
596 3172 632 3181 -
650 3135 687 3199 in
709 3133 872 3198 vertendo
895 3136 993 3197 utare
1013 3135 1119 3199 verbo
1142 3152 1326 3217 ,gesonnen
1349 3134 1431 3198 6611ι
1451 3171 1488 3180 -

316 3259 454 3306 servare
479 3239 633 3323 praestat
661 3255 739 3300 cum
769 3235 975 3300 Ruhnkenio
1006 3235 1166 3319 aliisque,
1200 3254 1303 3320 quam
1336 3234 1491 3301 futurum

316 3342 503 3408 secundum
524 3339 762 3405 Vascosanum
783 3357 909 3422 ponere
931 3357 1010 3402 cum
1032 3336 1182 3402 Halmio.

400 3464 516 3546 Atque
532 3459 635 3524 etiam
649 3458 685 3522 H
702 3460 772 3537 115,
789 3460 808 3522 5
830 3476 1009 3538 semperque
1030 3457 1135 3520 umam
1149 3462 1195 3521 est
1205 3455 1383 3540 ploriomm,
1406 3457 1491 3536 qaod

315 3569 391 3630 esset
417 3561 626 3640 tutissimum,
660 3560 721 3625 ubi
747 3558 907 3623 Halmius
939 3558 1199 3642 gloriosissimam
1226 3579 1267 3623 ex
1294 3558 1490 3624 coniectura

315 3666 433 3747 edidit,
457 3664 605 3750 gravior,
629 3663 660 3728 si
675 3682 747 3727 rem
761 3665 851 3726 recte
865 3661 1068 3746 perpendas,
1091 3660 1301 3746 superlativo
1317 3661 1489 3746 gradatio-

315 3788 394 3834 nem
426 3766 678 3852 quodammodo
712 3763 894 3829 excludens
923 3766 975 3828 661
1000 3763 1171 3848 positivus
1204 3763 1347 3846 graduS,
1382 3783 1490 3847 neque

316 3870 428 3956 magis
451 3868 654 3934 mutandum
674 3865 854 3950 gloriosam,
878 3885 983 3950 quam
1005 3865 1040 3930 ΙΙ
1063 3869 1114 3945 49,
1138 3869 1156 3931 3
1177 3865 1356 3948 plrriuso.²)

401 4005 437 4070 ΙΙ
453 4010 504 4084 91,
529 4009 545 4069 1
568 4002 652 4083 uelud
674 4021 842 4085 copmmm
866 4001 925 4085 [sc.
942 3999 1107 4086 Augusti]
1131 4001 1180 4065 illi
1201 4000 1270 4065 uiro
1284 3999 1402 4065 Plumi
1423 4019 1492 4064 seu-

317 4108 419 4174 tmtio
450 4125 619 4171 cousemsos
653 4102 798 4169 amicersi
829 4108 961 4168 semotius
990 4103 1160 4185 populique
1181 4101 1325 4168 Romami
1357 4100 1487 4168 1116111111.

402 4345 423 4414 ¹)
442 4343 498 4398 Oir.
517 4357 587 4411 quae
605 4340 679 4395 infra
697 4357 754 4409 cap.
773 4339 960 4409 11161182,
980 4342 995 4394 1
1014 4340 1149 4395 dicentur.

400 4447 423 4515 2)
443 4445 499 4500 Gfr.
518 4461 601 4514 supra
617 4460 642 4512 p.
661 4445 686 4498 8.
