3358 5154
695 507 908 569 ..33-

778 740 833 820 vl.

300 913 494 981 Voluminis
506 911 676 976 Velleiani
687 910 844 995 speciem,
861 908 996 995 qualem
1007 911 1241 994 repraesentat
1250 909 1390 975 Murba-

216 1019 326 1086 censis
350 1018 471 1096 codor,
495 1013 720 1080 deformatam
743 1032 816 1078 esse
838 1011 1014 1077 intrusis
1038 1010 1187 1076 alienis
1211 1012 1391 1076 contende-

212 1124 297 1188 runt
305 1120 400 1186 haud
410 1137 500 1183 raro.
516 1115 678 1181 Halmius
691 1117 803 1179 autem
816 1133 1024 1199 quamquam
1034 1113 1157 1178 Haasii
1166 1113 1362 1199 Kritziique
1368 1115 1390 1197 ¹)

175 1267 180 1276 -
214 1222 371 1306 exemplo
397 1222 482 1286 bene
510 1237 640 1282 memor
665 1215 895 1282 festinationis
918 1215 1068 1282 auctoris
1091 1215 1393 1301 neglegentiaeque

218 1347 240 1391 a
254 1325 362 1390 nimia
377 1322 591 1407 quorundam
605 1320 643 1383 in
657 1319 861 1398 resecandis,
882 1338 969 1404 quae
984 1319 1156 1402 superflua
1170 1337 1392 1403 perperamve

220 1426 362 1492 diversis
389 1424 474 1489 locis
497 1422 643 1507 repetita
670 1420 802 1487 scilicet
825 1421 1032 1500 viderentur,
1055 1420 1256 1505 plerumque
1278 1441 1314 1486 00
1337 1440 1393 1486 00-

217 1529 339 1594 0110011
360 1526 564 1604 temeritate,
587 1529 703 1588 tamen
726 1523 854 1608 etipse
876 1522 913 1586 in
934 1523 1001 1586 hoc
1024 1542 1145 1607 genere
1167 1521 1233 1588 fuit
1255 1523 1391 1589 nimius.

217 1629 284 1696 Sed
306 1628 509 1714 priusquam
532 1627 574 1691 ad
599 1628 692 1691 certo
714 1622 917 1689 refellendas
940 1624 1012 1689 eius
1034 1625 1071 1689 in
1086 1625 1300 1692 removendis
1316 1625 1394 1692 tali·

215 1734 293 1814 bus,
316 1751 404 1816 quae
427 1729 571 1795 00001110
593 1725 865 1812 interpolatoris,
888 1746 958 1791 non
980 1727 1114 1793 scribae
1137 1728 1259 1808 errori,
1281 1727 1394 1813 impu-

216 1838 309 1901 tasse
330 1833 503 1911 videatnr,
525 1831 675 1896 rationes
698 1848 761 1894 nos
786 1831 1038 1909 convertamus,
1060 1830 1238 1896 videamus
1262 1831 1303 1896 de
1325 1831 1393 1896 sin-

219 1937 333 2023 gulari
355 1933 477 2013 Surae,
501 1933 592 2018 quod
614 1931 742 2014 legitur
763 1932 781 1996 Ι
804 1935 833 2011 6,
857 1935 890 2011 6,
913 1929 1099 2015 fragmenti
1121 1933 1335 2012 condicione,
1357 1933 1394 1998 id

218 2039 311 2125 quod
334 2035 505 2114 cancellis,
528 2035 654 2120 quibus
669 2033 828 2099 Delbenii
849 2034 948 2098 iussu
969 2033 1140 2100 inclusum
1165 2038 1224 2116 est,
1246 2035 1395 2101 liberare

217 2141 273 2206 vel
294 2140 442 2205 maxime
464 2157 545 2204 sane
568 2136 789 2202 dubitaveris.
828 2135 952 2201 Alieno
968 2135 1044 2201 loco
1066 2136 1151 2202 haec
1172 2136 1242 2222 legi
1265 2140 1396 2204 certum

220 2246 285 2310 est:
315 2263 336 2307 a
356 2240 488 2306 Velleio
511 2240 650 2304 omnino
673 2259 742 2304 000
764 2239 878 2324 posita
901 2258 974 2304 esse
996 2240 1033 2304 in
1056 2259 1157 2324 opere
1183 2259 1245 2305 000
1269 2261 1309 2306 00
1331 2261 1395 2327 pro

222 2346 426 2430 glossemate
447 2343 567 2427 utique
588 2342 747 2407 habenda
762 2361 869 2426 00000
885 2344 1015 2406 certum
1030 2342 1090 2406 vix
1105 2343 1396 2428 existimaveris.²)

220 2447 264 2510 In
284 2447 406 2510 misere
427 2465 518 2510 0000
539 2444 654 2508 lacera
675 2443 790 2528 prima
803 2442 989 2508 voluminis
1004 2446 1101 2528 parte
1116 2443 1285 2510 Velleium
1309 2446 1395 2512 alios

226 2550 381 2612 auctores
412 2547 615 2612 nominatim
649 2546 774 2610 citasse
801 2546 1004 2611 documento
1032 2549 1084 2611 001
1109 2547 1127 2610 Ι
1150 2552 1179 2626 7,
1204 2551 1254 2614 3-
1268 2553 1301 2628 4,
1336 2549 1397 2615 ubi

223 2649 471 2733 discrepantem
504 2669 525 2713 a
554 2667 618 2713 sua
653 2645 793 2714 Catonis
828 2649 1024 2733 opinionem
1056 2647 1205 2716 referens
1240 2652 1395 2736 castigat.

223 2750 325 2831 Quod
348 2771 425 2816 cum
447 2751 497 2816 ita
519 2751 578 2830 sit,
613 2749 805 2816 alicubi-
833 2751 1017 2816 conieceris
1044 2750 1136 2817 inira
1162 2751 1299 2832 alicubi,
1308 2753 1335 2836 ³)
1360 2753 1397 2818 in

223 2851 433 2917 narrationis
454 2871 553 2916 mora
574 2853 648 2937 ipse
671 2853 754 2916 dum
774 2855 953 2937 respectat,
968 2890 1011 2900 -
1033 2857 1125 2918 certo
1149 2855 1292 2920 consilio
1315 2856 1399 2922 haec

224 2953 340 3034 Surae,
357 2953 478 3018 aetatis
493 2954 631 3038 ignotae
647 2953 870 3039 000101001οᾓ)
895 2955 936 3018 de
950 2954 1157 3040 populorum
1173 2956 1267 3022 orbis
1283 2958 1399 3024 mode-

223 3059 379 3121 ratorum
412 3057 625 3141 temporibus
658 3058 764 3123 verba
801 3077 878 3121 cum
912 3057 1113 3142 adposuisse
1146 3078 1253 3144 00000
1286 3060 1397 3126 alieno

221 3158 333 3241 locc⁵)
357 3161 502 3222 aetatem
523 3159 644 3224 tulisse
667 3161 757 3225 certe
779 3179 848 3223 non
871 3160 914 3224 ab
938 3159 1032 3224 omni
1054 3161 1218 3226 abhorret
1240 3162 1399 3229 similitu-

225 3260 302 3324 dine
324 3260 406 3325 veri.

308 3361 356 3427 Ut
377 3365 491 3427 tamen
513 3363 580 3427 hoc
600 3363 846 3448 relinquamus
869 3363 887 3427 I
911 3367 996 3444 16,3
1018 3384 1089 3430 uuu
1110 3385 1213 3446 00000
1226 3366 1400 3431 mullorum
1442 3377 1446 3382 '

225 3484 388 3530 uuuoruru
409 3465 510 3546 spatio
532 3464 636 3530 1110100
658 3470 745 3530 uetus
753 3486 814 3547 per
829 3465 935 3531 eliciui
949 3466 1083 3548 spiritus
1098 3468 1190 3546 uiros,
1211 3467 1400 3551 Aeschylum

226 3565 394 3648 Sophocleu
426 3567 624 3649 Euripiden,
662 3567 852 3632 inlustravit
883 3569 1123 3653 tragoediuu;⁰)
1160 3589 1231 3634 000
1257 3570 1400 3652 purum

225 3669 313 3733 111000
335 3673 516 3733 0100100000
536 3668 592 3734 001
613 3667 746 3734 Oratiuo
767 3668 1041 3752 Aristcpluueque
1062 3676 1093 3736 et
1113 3671 1269 3753 Eupolide
1290 3693 1401 3738 comoe-

310 3874 331 3941 1)
351 3872 406 3927 cfr.
424 3872 506 3927 huius
523 3872 598 3926 Prol.
616 3889 642 3940 p.
662 3871 759 3927 OXIII
777 3889 816 3940 00.

309 3958 329 4025 2)
353 3959 393 4012 111
419 3958 530 4012 noluere
553 3957 662 4013 Velleio
689 3957 808 4012 adimere
825 3949 1000 4027 complures,
1026 3959 1101 4014 inter
1127 3976 1194 4029 quos
1221 3961 1346 4032 Scaliger
1372 3969 1401 4018 et

223 4043 349 4100 Vossius.

247 4163 253 4180 .
310 4128 332 4196 8)
349 4128 418 4182 Post
436 4128 494 4196 16,
512 4129 529 4182 2
547 4127 718 4196 transposita
735 4127 826 4182 voluit
843 4127 934 4182 minus
952 4133 1016 4196 apte
1035 4127 1167 4198 Scaliger.

309 4211 332 4280 4)
351 4212 407 4266 ofr.
427 4212 459 4267 de
477 4229 508 4267 eo
527 4214 718 4278 Mommscnus,
738 4211 791 4266 Rh.
809 4212 880 4266 Mus.
898 4213 933 4267 N.
946 4213 977 4268 F.
995 4213 1069 4268 XVI
1086 4231 1112 4282 p.
1131 4215 1181 4268 282
1199 4232 1239 4282 00.

311 4296 333 4365 l)
352 4297 487 4352 Maiorum
506 4296 649 4351 turbarum
667 4297 788 4366 vestigia
810 4314 865 4351 non
887 4298 1000 4364 desunt3
1023 4299 1072 4352 cfr.
1094 4299 1218 4367 inprimis
1237 4301 1268 4354 II
1287 4302 1310 4368 7,
1329 4303 1344 4354 7
1363 4290 1402 4370 iq.

225 4379 353 4436 editionis
371 4382 547 4437 Halmianae.

311 4465 334 4534 Β)
355 4467 522 4536 Propoedics
534 4467 598 4535 ΑΡ,
613 4468 683 4535 quod
695 4467 814 4522 forsitan
826 4467 991 4522 defenderis:
1011 4468 1059 4522 cfr.
1072 4467 1212 4523 Martinus
1223 4468 1242 4523 l.
1255 4469 1272 4524 l.
1285 4487 1311 4539 p
1321 4471 1355 4525 14
1364 4487 1404 4539 00.

278 4557 398 4608 Thomas,
412 4559 443 4601 De
457 4559 559 4602 Velleiani
572 4561 648 4602 volum.
663 4559 741 4602 condic.
1199 4556 1216 4608 3
