3358 5154
768 407 960 471 ..g-

279 572 559 638 consuetudinem
580 572 760 658 vulgarem
785 574 979 659 positorum
1000 573 1199 656 amantis;¹)
1233 572 1277 638 ad
1299 571 1335 638 II
1357 573 1408 650 82,
1432 573 1451 636 2

276 672 350 738 Liv.
373 675 469 740 XLV
491 679 542 755 40,
566 678 595 741 8.
604 676 630 758 2)

361 775 548 843 Veniamus
576 778 620 843 ad
642 776 878 843 luculentiora.
923 776 959 843 ΙΙ
982 780 1033 857 35,
1056 781 1076 842 2
1109 777 1146 841 in
1178 776 1281 842 leude
1309 773 1450 842 Catonis

276 896 395 942 verum
418 879 562 958 videtur,
586 879 679 964 quod
701 879 843 964 praebet
856 881 889 944 A
911 898 980 944 non
1000 878 1107 961 (imm
1121 879 1164 962 P)
1188 877 1308 943 Virtuti
1328 873 1451 942 similli-

277 997 358 1060 mus,
380 979 433 1044 sed
453 984 497 1063 (et
515 980 555 1063 P)
575 1001 633 1062 per
654 979 765 1045 omnin
779 979 910 1064 impertio
924 980 988 1045 diis
1001 999 1098 1062 quum
1113 979 1293 1044 horninibus
1308 977 1449 1062 propior.

275 1080 435 1147 Editores
462 1082 688 1167 perstiterunt
713 1082 750 1146 in
776 1082 983 1167 interpolate
1005 1083 1032 1146 P
1054 1081 1213 1162 lectione,
1241 1098 1450 1167 quemquem

275 1182 483 1248 vocabulum
503 1203 580 1262 non,
603 1183 640 1248 id
662 1183 755 1267 quod
777 1186 881 1268 ceput
903 1186 967 1262 est,
990 1221 1033 1230 -
1054 1202 1135 1248 nam
1157 1183 1199 1248 de
1221 1183 1376 1268 sequenti
1396 1181 1449 1246 sed

275 1282 331 1348 vel
351 1289 397 1349 set
422 1285 494 1350 eius
522 1285 698 1350 silentium
725 1304 794 1350 non
821 1285 968 1352 multum
990 1285 1144 1350 valet-
1171 1285 1208 1349 in
1231 1282 1450 1350 Murbecensi

274 1382 381 1452 fnisse
403 1388 548 1452 1111111111
570 1386 743 1452 Burerins.
788 1386 865 1452 Uno
892 1390 1076 1472 praeeunte
1098 1387 1303 1470 Kreyssigio
1311 1387 1338 1470 ³)
1360 1384 1448 1450 illud

275 1489 368 1552 recte
390 1486 541 1552 defendit
561 1488 766 1570 Martinam)
790 1508 867 1554 cum
890 1489 1055 1554 aliatum
1077 1509 1119 1554 ex
1140 1487 1271 1553 Velleio
1293 1487 1449 1553 adserens

277 1589 642 1671 mensuumque
670 1589 800 1656 licentio
823 1590 1004 1674 piudiorum
1030 1590 1070 1656 in
1096 1590 1259 1655 mediocris
1284 1589 1474 1667 saeuitum·

275 1691 329 1756 sed
350 1691 548 1756 excelsissimi
574 1711 695 1773 quoque
717 1697 811 1774 111111
837 1692 1082 1758 eminentissimi
1104 1691 1242 1756 ciuitatis
1262 1691 1327 1756 uiri
1349 1689 1449 1755 curiis

276 1793 502 1882 suppliciorum
520 1793 687 1877 peneridus
708 1794 833 1878 adfecti,
860 1815 1008 1879 quocum
1031 1814 1051 1859 1
1072 1795 1206 1860 Kritzio
1228 1811 1349 1859 rursus
1372 1793 1451 1876 apte

276 1896 495 1982 componitur
515 1895 551 1960 ΙΙ
570 1901 674 1977 126,1
697 1897 837 1962 suerunt
855 1902 1020 1978 parentem
1040 1917 1137 1962 sunm
1165 1895 1282 1962 Cuesm
1302 1915 1371 1960 non
1392 1893 1449 1957 im·

277 1999 375 2081 perio,
397 1998 450 2064 sed
470 1997 631 2082 reiipione,
654 2019 723 2064 non
745 1998 915 2080 oppetierit
935 2019 1016 2079 eum,
1039 1999 1092 2063 sed
1111 1998 1187 2082 fecit
1208 1999 1310 2063 dmm.

362 2118 511 2199 Π19,3
545 2117 596 2182 cir
628 2116 785 2199 antiquus
817 2122 848 2181 et
875 2117 984 2201 pruris
1004 2117 1134 2200 Pompei
1160 2121 1271 2199 portes
1302 2115 1452 2182 tunderet

276 2219 392 2304 mucis,
412 2220 556 2302 pnedens
580 2224 763 2301 sequeretur
791 2217 937 2285 Caesaris
963 2224 994 2284 ct
1014 2219 1072 2284 iiio
1090 2219 1227 2302 picriosu
1248 2219 1297 2302 (A
1309 2219 1366 2302 P),
1393 2216 1451 2282 um

278 2322 334 2405 (A,
367 2322 443 2388 haec
474 2322 513 2406 P)
546 2321 737 2388 terribiliore
769 2321 902 2386 duceret.
964 2319 1091 2406 Ouperi
1120 2320 1320 2404 plerissima,
1357 2321 1450 2406 quod

277 2424 471 2509 superiores
498 2423 646 2490 editores
674 2423 985 2509 aspernationem,
1019 2443 1098 2488 cum
1119 2423 1260 2489 Halmio
1283 2421 1453 2508 probandi

277 2525 462 2592 necessitas
485 2525 582 2592 nulla
605 2527 664 2592 est.
709 2525 751 2591 In
772 2525 966 2610 insequenti
994 2527 1107 2590 11111111
1129 2525 1320 2610 scripturae
1341 2524 1451 2589 varie

276 2629 348 2693 tete
369 2627 457 2708 hoec,
491 2628 586 2713 quod
607 2627 712 2712 vulgo
734 2628 939 2713 probavere,
971 2627 1160 2712 proclivem
1189 2629 1282 2713 sapit
1302 2628 1451 2712 interpo-

276 2729 455 2795 lationem:
488 2732 621 2814 ponunt
646 2729 820 2794 interdum
847 2728 974 2814 duplex
1000 2729 1052 2793 die
1079 2729 1216 2794 diverso
1246 2748 1349 2795 sensu
1375 2729 1451 2794 aevi

277 2831 373 2898 illius
400 2831 598 2918 scriptorem
633 2830 692 2896 cfr.
716 2830 791 2896 Vel.
816 2831 908 2896 Max.
932 2830 981 2896 VI
1003 2834 1032 2910 9,
1059 2835 1098 2897 14
1120 2851 1159 2896 en
1180 2831 1233 2896 iiio
1255 2831 1364 2896 Murio
1386 2835 1452 2896 tum

278 2933 396 2999 humili
409 2932 569 3018 Arpinate
585 2983 591 2997 .
606 2982 613 2997 .
627 2982 634 2997 .
649 2933 702 2999 uu>
716 2933 848 2999 Marius
862 2933 968 3011 musii,
991 2933 1048 3016 qni
1063 2933 1210 3018 Africum
1223 2934 1350 3019 subepii,
1366 2954 1451 3020 eqs.;

278 3033 354 3103 Sen.
382 3036 441 3102 Ad
455 3037 561 3102 Marc.
582 3039 665 3112 18‚8
688 3041 728 3102 ut
747 3036 790 3102 ud
812 3036 870 3101 iila
890 3035 1010 3116 uenias,
1031 3057 1089 3118 per
1110 3036 1167 3102 tm
1188 3037 1371 3102 seeundum
1391 3041 1452 3118 est;

278 3137 462 3224 Apocoloc.
489 3141 538 3217 15,
561 3141 580 3203 2
608 3138 764 3220 apparuit
783 3138 883 3204 sedito
904 3137 935 3203 0.
960 3137 1077 3204 Ouesm
1106 3143 1136 3204 et
1155 3143 1261 3221 petere
1293 3138 1386 3204 ilium
1412 3139 1452 3204 in

277 3239 459 3306 sermtutem
485 3239 596 3321 coeptu
619 3239 771 3322 producit
803 3244 902 3317 testes,
937 3239 994 3321 qni
1026 3240 1119 3306 dium
1152 3241 1301 3306 viderunt
1331 3241 1369 3308 ab
1398 3241 1452 3307 ilio

276 3343 397 3428 stupris,
418 3342 542 3426 ferulis,
565 3343 702 3426 colaphis
715 3343 929 3425 reputantem,
950 3345 1011 3410 ubi
1029 3345 1130 3426 iilum,
1155 3347 1248 3432 quod
1271 3349 1349 3413 ante
1370 3344 1452 3410 uide

277 3449 358 3512 runt
385 3444 522 3530 legitur,
555 3445 631 3510 inre
652 3445 900 3512 Buechelerum
928 3446 1094 3512 delevisse
1124 3448 1329 3534 negaverim.
1373 3448 1452 3532 Ipse

365 3649 388 3718 ¹)
406 3649 464 3704 cfr.
482 3649 512 3704 0.
531 3650 564 3704 de
582 3650 678 3717 Oppen
695 3649 738 3704 Dc
756 3649 793 3703 M.
811 3649 920 3705 Velleio
939 3650 1085 3706 Paterculo
1103 3650 1194 3720 (Rost.
1214 3651 1292 3719 1875)
1309 3668 1335 3720 p.
1354 3653 1395 3706 lin
1419 3680 1451 3690 -

279 3735 311 3790 II
328 3735 399 3802 86,3
415 3733 544 3801 pertidus
561 3733 620 3788 eius
637 3751 665 3788 se
682 3733 878 3789 immiscuisset
893 3735 976 3791 hebet
993 3736 1025 3805 P,
1046 3740 1078 3791 11
1095 3735 1251 3790 miscuisset
1265 3735 1294 3790 A
1311 3735 1452 3790 confirmet

279 3820 316 3874 Μ.
335 3849 367 3857 -
386 3817 417 3873 II
435 3820 477 3886 27,
495 3820 511 3872 3
526 3818 599 3886 ferri
617 3834 666 3886 pro
685 3818 791 3886 adferri
809 3819 929 3888 (proprio
948 3821 1043 3889 sensu)
1061 3824 1224 3888 usurpatum
1241 3825 1305 3888 post
1317 3821 1452 3890 Wopken-

279 3905 350 3962 sinm
367 3903 455 3959 tuteti
473 3910 539 3959 sunt
556 3903 686 3972 Orellius,
704 3904 894 3974 Kreyssigins
913 3906 1054 3974 Keteios,
1076 3921 1164 3974 neque
1182 3905 1298 3962 debebat
1314 3905 1452 3974 Halmius,

279 4006 349 4059 ques
366 3994 410 4045 est
426 3989 515 4044 fellex
531 3988 668 4058 Madvigii
685 3989 851 4054 coniectura,
867 3991 945 4058 ferro
960 3991 1009 4060 sipi
1027 3991 1114 4047 edere.

364 4092 384 4160 ²)
405 4091 436 4145 II
453 4091 523 4158 7113
541 4092 574 4146 de
592 4091 726 4146 servando
745 4091 920 4148 substantivo
936 4096 1123 4162 praeparatus
1135 4097 1230 4148 contre
1238 4093 1381 4149 Halmium
1393 4110 1453 4149 mn·

280 4177 369 4234 sentio
387 4192 448 4232 cum
465 4175 601 4231 Milkeuio
618 4176 662 4230 De
680 4176 754 4232 Vell.
773 4177 835 4232 Pet.
853 4193 915 4246 gen.
936 4178 986 4234 dic.
1004 4179 1087 4248 (Reg.
1108 4179 1183 4247 1888)
1202 4195 1227 4247 p.
1246 4178 1288 4234 57.

365 4279 386 4347 ³)
404 4280 437 4334 L.
455 4279 474 4332 1.
491 4295 517 4347 p.
536 4279 630 4334 XXX.

363 4383 387 4449 ⁴)
405 4381 493 4437 Beitr.
510 4398 535 4436 z.
553 4380 629 4436 Krit.
648 4382 674 4435 d.
691 4379 765 4435 Vell.
784 4381 842 4449 (Pr.
860 4382 969 4438 Prenzl
988 4383 1068 4448 1862)
1085 4399 1112 4452 p.
1131 4383 1171 4436 12.
