3358 5154
783 475 997 538 ..14-

303 641 435 707 musnet
454 640 634 721 Antonius,
657 642 692 707 H
715 643 766 722 80,
790 646 809 708 2
832 640 899 722 his,
921 660 1003 722 quae
1028 639 1103 706 alies
1118 639 1300 723 placebant,
1328 640 1362 704 Π
1385 641 1437 720 87,
1461 644 1480 705 2

301 765 340 810 ea
361 743 426 823 dis,
455 744 514 825 qut
534 748 645 809 contra
667 764 739 808 eum
761 763 855 809 arma
877 742 1036 808 tulerant:
1062 742 1188 827 quibus
1210 742 1296 808 locis
1319 741 1480 808 omnibus

305 848 445 912 anctore
461 845 589 912 Orellio
605 845 819 931 pronominis
841 843 1013 910 deformas
1035 845 1193 909 invexere
1209 847 1242 909 et
1256 843 1412 910 Kritzius
1437 847 1478 923 et,

303 983 346 993 -
368 966 577 1032 quamquam
598 947 727 1012 iudicio
750 946 960 1012 dissenserat
974 945 1126 1011 Haasius
1148 982 1201 1025 -,
1224 945 1395 1025 Halmius,
1418 946 1479 1031 qui

306 1049 479 1114 tamenin
502 1048 639 1134 gemina
661 1048 815 1114 oratione
825 1051 845 1133 ¹)
869 1048 905 1113 H
928 1051 1015 1128 50‚3
1037 1046 1151 1128 quidus
1165 1046 1200 1111 m·
1214 1068 1245 1111 se
1267 1047 1319 1130 (P,
1335 1047 1418 1112 disce
1431 1049 1477 1131 A)

303 1150 413 1216 debent
439 1151 653 1233 interponere,
687 1149 745 1232 qut
770 1171 839 1215 mn
860 1154 1029 1232 parentem
1055 1156 1188 1214 co'e‘rcere
1212 1154 1346 1231 possunt
1372 1150 1479 1215 edidit

300 1255 399 1332 recte,
423 1253 484 1320 ubi
505 1253 587 1318 item
610 1271 679 1317 non
694 1251 884 1334 defuerunt,
907 1253 968 1337 qui
989 1252 1017 1317 u‘
1038 1272 1165 1337 ponere
1179 1251 1330 1317 mallent.
1369 1252 1477 1317 Porro

301 1354 336 1418 ΙΙ
359 1358 416 1434 41,
440 1358 459 1420 3
481 1355 565 1420 idem
588 1359 694 1436 postea
721 1354 892 1419 admodum
918 1354 1058 1434 iuuenis,
1087 1374 1158 1419 cum
1185 1353 1343 1436 apiratis
1369 1357 1479 1435 captus

301 1461 389 1536 esset,
423 1457 472 1522 ita
492 1477 524 1522 se
539 1477 600 1539 per
621 1477 712 1522 amm
733 1457 889 1539 spatium,
922 1477 983 1538 quo
1005 1455 1043 1522 ab
1064 1455 1116 1521 lu's
1136 1460 1278 1521 retentus
1299 1460 1356 1536 est,
1390 1456 1478 1537 apud

301 1578 350 1623 eos
368 1559 472 1642 pessit,
495 1563 535 1624 ut
549 1559 678 1641 pariter
698 1558 750 1624 his
772 1559 886 1624 terrore¹
908 1557 1168 1639 venerationique
1189 1562 1265 1622 esset
1284 1577 1385 1639 neque
1406 1578 1478 1622 um·

300 1681 398 1742 quam
419 1666 481 1726 aut
500 1666 589 1726 nocte
610 1665 671 1727 aut
691 1660 742 1726 die
760 1710 766 1724 .
783 1709 790 1723 .
807 1713 815 1730 .
831 1666 892 1726 aut
911 1661 1143 1727 excalceantur
1157 1665 1218 1725 aut
1238 1659 1476 1744 disrumperetur,

300 1762 340 1828 in
361 1763 416 1827 doc
436 1762 558 1844 seilicet,
580 1784 622 1829 ue
643 1764 823 1845 siquando
845 1763 971 1845 aliquid
991 1783 1031 1828 eu
1044 1762 1133 1828 solito
1147 1762 1297 1842 uariaret,
1319 1767 1478 1844 suspectus

301 1864 365 1942 dis,
387 1865 445 1946 qui
466 1865 563 1930 oeulis
585 1866 804 1932 tantammodo
825 1887 898 1930 eum
919 1864 1146 1944 antodc'edaut,
1169 1864 1265 1948 foret,
1291 1867 1344 1930 ter
1366 1867 1479 1930 exstat

300 1966 360 2047 luis,
384 1968 488 2032 semel
510 1971 589 2033 ante
609 1966 806 2033 relativum:
841 1970 894 2032 ter
915 1969 1051 2053 praeter
1073 1967 1312 2032 nenessitatem
1333 2003 1376 2012 —
1398 1986 1477 2032 oon-

301 2068 396 2133 venit
416 2068 546 2134 Velleio
579 2070 646 2134 hoe
680 2069 906 2154 quodcunque
940 2072 992 2134 est
1021 2067 1118 2134 rudis
1146 2068 1313 2134 sermonis
1336 2105 1378 2114 —
1401 2089 1478 2134 oum

302 2169 430 2236 Orellio
452 2171 655 2256 Kritzioque
676 2171 718 2236 u's
739 2171 857 2256 posuit
871 2170 1043 2251 Halmius,
1067 2170 1171 2236 semel
1190 2170 1302 2236 medio
1325 2171 1401 2236 loeo
1423 2171 1478 2236 vel

301 2271 463 2338 Haasius.
496 2273 611 2339 Tertio
626 2274 703 2338 loco
719 2292 825 2357 supra
840 2273 965 2338 adlatis
982 2272 1146 2357 exemplis
1161 2273 1247 2338 satis
1261 2271 1399 2338 firmato
1414 2292 1477 2357 pro

300 2373 352 2438 his
372 2375 399 2438 P
422 2374 487 2438 diis
508 2374 613 2439 habet
634 2375 677 2453 A,
701 2373 886 2458 eademqne
909 2373 1091 2439 diversitas
1114 2374 1307 2459 scriptume
1329 2375 1479 2439 occurrit

300 2475 335 2540 11
358 2481 409 2558 46,
433 2482 449 2541 1
475 2480 636 2540 ...uetus
651 2495 718 2557 par
739 2474 913 2555 consulum,
943 2473 1001 2540 (lu.
1025 2475 1193 2558 Penpu'us
1214 2480 1245 2540 et
1265 2474 1312 2539 Μ.
1335 2474 1476 2556 Orasun,

300 2578 437 2643 atterum
468 2577 572 2643 iniere
604 2577 816 2656 conudatum,
851 2577 908 2658 qui
940 2597 1042 2658 neque
1069 2577 1191 2658 petitus
1219 2579 1342 2643 honeste
1368 2577 1406 2643 od
1427 2579 1478 2643 lu's

300 2700 402 2762 neque
423 2679 622 2762 probanditer
644 2684 749 2762 pestus
773 2684 827 2759 est,
855 2682 889 2744 et
909 2680 945 2745 Π
967 2684 1022 2760 62,
1046 2683 1064 2744 2
1089 2680 1194 2745 Bruto
1218 2680 1383 2761 Cassiopen
1407 2701 1477 2762 pro·

300 2781 424 2848 mactae
440 2831 448 2846 .
465 2830 471 2845 .
490 2831 497 2846 .
513 2783 660 2862 daretne,
683 2781 810 2846 laudati
823 2781 1012 2863 quuuurque
1026 2781 1077 2846 his
1089 2804 1121 2847 se
1137 2782 1200 2866 [ita
1214 2782 1250 2862 P,
1265 2804 1296 2848 se
1311 2782 1375 2847 diis
1388 2804 1419 2847 se
1434 2785 1476 2863 A,

300 2905 331 2949 se
346 2885 388 2950 iis
399 2884 574 2968 Halmius]
590 2883 744 2949 euerritus
756 2883 983 2949 tradidissent.
1000 2935 1006 2948 .
1025 2935 1043 2964 .,
1062 2887 1181 2950 eontra
1196 2884 1294 2964 1190,
1311 2889 1329 2950 2
1344 2885 1479 2966 inques

294 2987 479 3069 prouincias
492 3007 564 3052 cum
580 3037 587 3050 .
605 3034 612 3048 .
630 3038 636 3050 .
660 2985 805 3051 Romam
819 2987 975 3051 coercitus
988 2986 1078 3051 missi
1092 2991 1194 3052 essent
1210 3039 1216 3051 .
1234 3035 1241 3049 .
1259 3037 1276 3064 .,
1298 3008 1355 3068 per
1374 3008 1478 3053 annos

301 3091 449 3154 ducentos
470 3089 509 3154 in
530 3088 581 3153 lu's
601 3088 700 3154 mutto
721 3093 894 3169 mutuoque
915 3089 964 3154 ita
986 3094 1139 3154 certatam
1155 3094 1201 3154 est
1213 3089 1383 3172 sanquine,
1406 3109 1475 3174 eqs.

301 3194 335 3256 et
356 3192 458 3272 1198,
476 3196 494 3256 2
517 3191 644 3273 (quippe
666 3190 787 3274 meatus
809 3189 955 3255 Caesaris
977 3191 1119 3256 triennio
1140 3211 1212 3256 cum
1226 3190 1277 3256 ln's
1293 3191 1354 3275 [se.
1370 3191 1477 3257 Thra-

301 3293 412 3378 cibus]
435 3293 559 3358 dedau't
574 3295 616 3376 ..)
642 3292 693 3357 lu's
715 3295 748 3358 et
769 3294 802 3358 A
825 3295 859 3357 et
880 3293 906 3357 P
929 3295 1102 3377 praebent.
1112 3293 1137 3376 ²)
1182 3293 1328 3359 Edidere
1350 3294 1478 3378 ubique

299 3397 418 3462 eodem
440 3396 525 3460 duee
540 3394 669 3462 Orellio
692 3394 734 3459 tis
756 3396 896 3480 excepto
919 3394 1060 3474 Heasio,
1083 3395 1144 3481 qui
1164 3398 1278 3460 tamen
1294 3433 1335 3442 —
1350 3397 1475 3476 neseio,

300 3518 362 3564 our
380 3536 416 3545 -
439 3499 475 3563 Π
498 3502 549 3579 46,
575 3503 590 3564 1
614 3497 657 3562 iis
677 3498 841 3582 probavit
863 3499 896 3562 et
917 3498 1001 3583 ipse.
1039 3498 1118 3563 Duo
1142 3499 1287 3583 denique
1310 3498 1477 3563 accedunt

298 3600 376 3680 loci,
401 3600 526 3685 quibus
542 3602 576 3666 A
591 3601 666 3664 etP
688 3599 738 3664 ita
759 3599 850 3665 inter
872 3598 1101 3681 sedifferunt,
1124 3601 1214 3666 ntis
1235 3619 1425 3686 pronomen
1439 3600 1476 3681 P,

298 3702 349 3767 dic
370 3705 404 3768 A
425 3703 566 3783 habeat,
599 3702 791 3787 quibusque
813 3704 847 3767 A
868 3702 1050 3768 lectionem
1083 3703 1218 3768 etiamsi
1251 3721 1351 3768 nemo
1379 3721 1477 3786 prae·

297 3804 387 3885 tulit,
403 3804 570 3889 reputatis
587 3804 645 3882 eis,
669 3823 757 3889 quae
772 3804 875 3869 modo
891 3803 1103 3889 collegimus
1125 3804 1296 3890 simulque
1311 3806 1345 3870 A
1360 3807 1476 3869 auoto-

297 3907 400 3972 ritate
414 3907 585 3986 universa,
607 3905 865 3991 praeferendam
881 3907 1105 3972 concesseris:
1129 3906 1165 3971 II
1181 3910 1232 3986 39,
1250 3912 1266 3971 1
1288 3905 1412 3972 (ladius
1426 3955 1432 3968 .
1447 3955 1475 3968 ..

297 4029 388 4091 saepe
412 4013 443 4073 et
462 4008 691 4092 adfectammus
712 4013 743 4072 et
763 4008 935 4073 munimus.
975 4006 1036 4074 Sed
1056 4007 1329 4092 sulpeutisse'mum
1351 4007 1384 4073 0.
1404 4006 1477 4073 an-

297 4110 382 4176 sarts
407 4132 484 4193 opus
505 4111 544 4177 e'n
569 4111 620 4175 lu's
645 4109 698 4191 (A,
722 4109 764 4175 iis
785 4110 828 4194 P)
850 4115 1051 4193 conspuetur,
1086 4111 1121 4175 ΙΙ
1145 4115 1196 4191 90,
1219 4114 1240 4175 4
1264 4114 1377 4175 ...ut
1396 4129 1478 4191 quae

385 4367 407 4434 ¹]
427 4366 483 4421 Cir.
503 4365 587 4420 etiem
605 4363 637 4418 H
655 4366 679 4432 1,
697 4365 714 4418 5
732 4403 759 4420 ..
767 4363 906 4434 perduxit
920 4363 981 4429 tuo,
998 4367 1070 4420 ut..
1089 4363 1234 4418 dederetur
1251 4361 1382 4418 hostibus.

382 4469 405 4533 ²)
424 4467 609 4538 Corrigendus
620 4467 729 4522 Halmii
747 4471 897 4535 apparatus
916 4482 950 4522 ex
966 4467 1094 4522 Feehten
1111 4466 1266 4533 collatione,
1285 4467 1295 4520 l
1316 4464 1478 4534 1.p.27.28.
