3358 5154
712 436 923 500 ..37-

228 608 370 691 etpost
396 604 478 687 foret
503 604 534 670 si
559 603 716 689 posueris
747 602 983 686 perseverantia
1015 602 1064 685 (=
1086 600 1171 684 abl.)
1203 600 1306 680 ducis,
1341 619 1404 666 suo

228 708 361 774 steterit
386 707 477 784 loco,
506 706 596 772 unde
618 708 750 771 motum
776 703 902 783 fuerits
920 706 1104 790 postquam
1125 703 1211 768 haec
1233 703 1405 788 scriptura

403 808 488 848 nanto
501 807 561 848 ducr's

227 881 293 926 non
315 820 484 925 didatus
502 858 658 941 proposito
679 858 879 924 intercessit.

312 962 403 1040 Ill,
429 966 515 1026 1-2
533 1011 564 1024 ..
588 961 872 1043 Pseudophilippus
889 1011 894 1024 .
914 1009 920 1022 .
944 959 1118 1042 appellatus
1138 1007 1170 1022 ..
1194 957 1294 1023 ornis
1319 977 1403 1022 ocur·

225 1069 304 1147 puto
326 1063 529 1139 Macedonio,
565 1064 742 1146 adsumptis
774 1063 866 1148 repni
894 1062 1073 1148 insipnibus
1104 1061 1188 1127 breoi
1221 1059 1404 1126 temeritatis

225 1186 343 1250 porum
364 1166 462 1232 dedit:
497 1167 611 1249 quippe
638 1165 673 1245 Q.
697 1166 843 1232 Metellum
862 1170 999 1249 procur,
1028 1165 1080 1230 eni
1102 1187 1140 1230 en
1162 1164 1279 1229 uirtute
1301 1163 1404 1228 Muce-

229 1269 334 1334 douiu'
354 1288 468 1334 rumen
490 1269 632 1333 inditum
653 1268 758 1354 [erut]‚
777 1270 945 1352 praecino
958 1269 1090 1334 victorin
1105 1268 1210 1350 ipsun
1222 1270 1404 1350 pontemque

228 1372 402 1453 uenerunt,
421 1391 489 1456 eqs.
534 1371 659 1436 Delent
681 1370 822 1438 Gelenio
846 1373 931 1438 duce
954 1375 1132 1456 tamquam
1153 1371 1197 1435 ab
1219 1367 1369 1452 interpol
1390 1402 1404 1413 -

229 1479 301 1540 tore
323 1474 497 1539 invectum
518 1479 600 1539 eron
624 1474 726 1560 longe
749 1478 864 1540 tamen
885 1473 1101 1559 probabilior
1122 1473 1280 1538 videatur
1302 1469 1403 1549 ratio,

227 1596 296 1662 qua
329 1577 451 1642 ductus
485 1576 654 1641 inditnrns
685 1582 756 1642 erat
783 1579 839 1660 [sc.
867 1575 1195 1662 Pseudophilippus]
1223 1571 1404 1659 proposuit

228 1679 472 1758 Mommsenus‚
495 1679 563 1744 nisi
585 1680 677 1764 quod
701 1681 745 1744 ob
768 1699 869 1746 voces
891 1700 930 1745 en
944 1679 1061 1744 rrirtute
1082 1677 1197 1764 potius
1219 1675 1273 1740 eui
1287 1695 1326 1740 en
1340 1673 1403 1738 oir-

228 1785 294 1846 tute
308 1780 505 1846 Macedonici
520 1800 634 1846 nomen
648 1781 721 1846 indi
741 1781 892 1867 <fo>tnrn
914 1786 985 1846 unt
997 1781 1051 1846 vel
1072 1777 1283 1864 <derinr>turn
1297 1775 1405 1860 (<futo

227 1881 429 1966 defini>tund
455 1887 525 1948 erni
547 1881 620 1966 (cfr.
645 1881 714 1949 Cic.
738 1883 790 1947 De
812 1880 883 1948 fato
907 1883 939 1965 9)
961 1882 1017 1947 vel
1042 1880 1280 1966 <destinn>tnrn
1301 1877 1404 1962 (<fnto

228 1985 457 2070 destino>tun)
482 1990 553 2050 not
579 1985 836 2070 exspectaveris.
886 1987 1015 2051 Notrmi
1043 1988 1107 2065 est,
1130 1982 1261 2049 Velleio
1294 1981 1401 2047 fatum

229 2087 312 2172 qnid
335 2086 456 2152 valeat.
470 2088 491 2171 ¹)

781 2345 854 2424 Vll.

314 2527 421 2593 Vellei
445 2548 547 2613 opus,
583 2531 745 2594 truncum
771 2530 984 2610 universnm,
1019 2528 1249 2594 defectuum
1270 2526 1306 2590 in
1330 2543 1404 2590 sese

227 2629 355 2695 indicia
382 2651 459 2696 oum
488 2632 613 2697 habeat
645 2632 769 2711 multa,
803 2652 890 2718 quae
919 2634 979 2697 aut
1005 2631 1158 2697 nondum
1186 2632 1247 2694 aut
1271 2628 1405 2692 minore

226 2733 483 2815 redintegrandi
499 2753 660 2800 successu
681 2735 800 2818 agnita
814 2735 1005 2815 videantur,
1028 2733 1235 2819 peculiarem
1257 2732 1347 2796 hanc
1368 2730 1405 2793 in

225 2855 297 2899 rem
313 2853 454 2919 operam
468 2836 539 2900 iam
554 2837 667 2920 placet
682 2836 842 2902 conferre.
882 2836 1019 2902 Codicis
1036 2839 1150 2901 antem
1166 2832 1404 2900 Murbacensis

226 2940 355 3021 quanta
378 2937 424 3002 sit
446 2939 634 3004 auctoritas
658 2941 691 3003 et
712 2939 747 3003 in
770 2939 848 3024 ipsa
866 2939 951 3004 adeo
967 2937 1210 3023 depravatione
1224 2936 1403 3021 perlucens

225 3036 294 3104 fere
321 3039 471 3120 bonitas
505 3041 560 3105 vel
588 3061 629 3105 ex
654 3042 720 3106 hac
747 3040 992 3126 disputationis
1025 3043 1123 3125 parte
1157 3039 1273 3124 aliquo
1300 3037 1403 3101 modo

228 3159 328 3226 spero
350 3145 568 3226 perspectum
589 3143 642 3208 iri.

312 3242 329 3306 I
354 3248 403 3323 16,
421 3248 439 3309 2
462 3244 534 3326 quis
556 3245 643 3311 enini
658 3245 783 3312 utrrnde
797 3245 915 3310 rnirnri
924 3249 1033 3327 potest,
1056 3245 1139 3325 qiud
1153 3241 1405 3309 eminentissimo
1434 3285 1438 3292 ·

227 3344 379 3426 cuiusque
398 3346 603 3430 professionis
623 3349 758 3432 inpeniu
779 3349 818 3413 in
840 3349 972 3414 eandm
992 3347 1131 3431 fonnem
1152 3351 1182 3411 et
1201 3347 1239 3411 in
1253 3345 1336 3409 idern
1351 3362 1403 3407 nr·

227 3446 287 3510 tuti
310 3447 456 3529 temporis
477 3469 648 3532 conprecare
668 3451 818 3532 spatium,
841 3454 872 3515 ct
892 3450 1155 3530 qnernndrnodnrn
1181 3448 1289 3512 clausu
1314 3465 1403 3526 conso

226 3547 325 3613 alioue
356 3554 461 3631 saepto
493 3551 609 3616 diversi
638 3552 765 3635 pencris
797 3551 958 3616 onirnniiu
989 3551 1093 3616 nihilo
1120 3550 1229 3615 ninus
1255 3553 1403 3630 soporato

226 3648 341 3715 olienis
362 3651 401 3715 in
422 3672 528 3717 unuin
543 3672 684 3734 quaeque
704 3674 815 3736 corpus
837 3658 1079 3737 conprepontur,
1096 3653 1143 3717 itu
1158 3652 1310 3733 cuiusque
1324 3650 1404 3716 olori

229 3752 330 3832 operis
343 3753 473 3834 coponio
489 3753 623 3838 tripertio
637 3755 676 3820 in
697 3755 910 3820 similitudine
932 3760 963 3820 ei
977 3759 1150 3837 temporum
1164 3759 1195 3818 ei
1204 3754 1404 3838 profectuum

224 3858 318 3918 senet
343 3853 413 3935 ipsu
440 3855 477 3919 nb
505 3855 579 3921 otiis
604 3861 840 3939 soporaverunt.
889 3856 931 3922 In
958 3857 1024 3922 hoc
1052 3857 1185 3921 Halmii
1211 3860 1307 3921 textu
1334 3875 1403 3920 non

224 3973 334 4037 pauca
355 3955 526 4022 inutiliter
548 3961 656 4024 mota:
680 3960 831 4044 primum
854 3958 952 4023 aliove
967 3959 1078 4044 Lipsii
1092 3979 1175 4044 prae
1196 3959 1319 4040 otioque
1332 3956 1402 4022 ΑΡ

224 4056 285 4140 qni
306 4076 473 4142 sprevere,
496 4061 668 4145 probandi
682 4061 838 4126 Kritnius
855 4063 888 4126 et
902 4061 1105 4144 Haasius;²)
1127 4061 1248 4126 deinde
1267 4079 1403 4145 praece·

305 4242 327 4311 ¹)
345 4243 402 4298 cfr.
420 4244 567 4315 Scioppius,
586 4245 674 4301 Schw.
693 4247 764 4301 Mus.
782 4247 802 4301 f.
820 4247 885 4301 hist.
904 4247 1071 4302 Wissensch.
1090 4247 1105 4300 Ι
1122 4263 1148 4314 p.
1168 4247 1225 4301 171.

307 4327 327 4393 2)
349 4328 405 4383 Ofr.
418 4331 452 4385 de
468 4347 531 4398 one
549 4337 578 4387 et
595 4348 637 4384 -oe
654 4331 799 4400 particulis
811 4332 890 4387 velut
902 4332 1086 4400 Klemmerus,
1098 4331 1246 4387 Animadv.
1259 4330 1401 4384 Annaean.

222 4426 337 4479 gramm.
355 4413 454 4481 (Bonn.
473 4417 552 4484 1878)
570 4434 596 4487 p.
615 4418 649 4472 55
667 4433 707 4485 sq.
