3358 5154
765 477 979 538 ..16-

283 643 508 729 Tacitumque
529 663 626 723 usos,
654 642 780 727 quibus
804 641 989 726 adiungere
1011 639 1125 725 possis
1148 638 1333 705 historicos
1357 636 1461 702 etiam

284 746 423 812 Livium
434 747 457 830 ¹)
480 748 513 810 et
535 743 778 827 Suetonium.²)

370 848 406 913 H
430 850 501 927 116,
525 851 544 912 2
571 866 664 928 queue
689 845 838 911 honorem
865 849 940 910 oute
966 863 1083 926 paucos
1110 863 1214 908 auuos
1235 841 1411 906 Passienus
1432 843 1463 904 et

291 949 409 1031 Cossus,
433 949 621 1031 quibusdum
643 948 775 1014 diversis
796 948 968 1014 vertutibus
989 947 1122 1028 celebres,
1145 947 1184 1011 e'u
1206 945 1319 1024 Africo
1340 961 1460 1008 uerae

285 1056 373 1118 tout.
417 1051 472 1116 Ita
493 1053 527 1117 A
542 1051 582 1130 P;
616 1049 762 1132 quamue
794 1055 857 1135 pr'o
891 1049 1079 1131 qroidusdou
1113 1069 1192 1114 oum
1223 1044 1461 1132 proposuisset

284 1153 441 1232 Bothus,
465 1153 525 1238 qui
538 1152 674 1219 Kritzio
689 1151 871 1237 persuasit,
894 1170 1088 1232 quouequou
1110 1150 1218 1215 edidit
1239 1166 1303 1214 suo
1322 1146 1460 1211 invento

285 1275 369 1321 usus
384 1254 554 1320 Halmius.
590 1256 639 1319 At
659 1253 857 1335 quibusdum,
880 1255 984 1318 etiam
999 1253 1130 1318 Haasio
1153 1252 1238 1316 adeo
1254 1252 1460 1334 suspeetuu

286 1359 325 1422 ut
347 1355 486 1436 deleret,
509 1357 594 1422 bene
616 1374 653 1421 se
675 1356 779 1420 habet
800 1355 1040 1440 interpretanti
1062 1350 1369 1440 ‚gewissermalsen
1390 1352 1462 1414 ent-

286 1460 537 1545 gegengesetzt‘
559 1457 718 1542 potiusve
740 1458 847 1537 ‚recht
869 1458 1186 1541 entgegengesetzt‘.

372 1560 408 1625 ΙΙ
430 1563 481 1640 84,
507 1565 523 1626 1
546 1557 622 1624 lee'ue
644 1560 687 1624 ud
707 1557 890 1624 Autoue'uu
916 1579 1022 1640 ueuo,
1049 1557 1139 1622 illiue
1161 1557 1204 1622 od
1232 1555 1396 1622 Ooesoreu
1418 1573 1462 1617 eo

288 1662 366 1728 tidie
390 1661 516 1744 aliquid
538 1660 770 1745 trousfupe'ebat
790 1662 917 1746 optime
940 1661 977 1726 M
993 1662 1039 1739 A,
1062 1680 1145 1746 prae
1168 1678 1236 1745 quo
1259 1677 1328 1723 non
1351 1656 1463 1722 solnm

288 1764 392 1846 aliqui
419 1762 727 1847 trousfupe'edoutP
756 1764 887 1843 sordet,
920 1784 1040 1828 verum
1075 1763 1178 1827 etiam
1211 1761 1330 1842 utpute
1360 1764 1464 1823 trous·

287 1865 457 1950 ruputas
476 1867 565 1932 siout
598 1866 690 1951 apud
722 1865 929 1931 novissimos
958 1865 1104 1930 editores
1131 1863 1276 1929 Heinsio
1304 1863 1463 1948 parentes

289 1969 424 2054 legitur.
459 1968 646 2032 Praeeunte
656 1966 867 2052 Wopkensio
890 1965 1015 2048 aliquid
1029 1969 1118 2032 reete
1134 1964 1284 2032 defendit
1297 1963 1462 2029 Kritzius.

289 2070 412 2136 Vertas
447 2069 531 2150 ,eine
564 2069 720 2135 Anzahl‘.
766 2066 923 2135 Conferri
955 2071 1069 2154 potest
1100 2069 1137 2134 H
1160 2072 1274 2149 131,1
1307 2063 1466 2148 quidquid

288 2173 476 2238 uuue'uuu.
1503 2203 1512 2210 -

373 2274 429 2340 Ad
463 2273 661 2338 universum
694 2271 860 2338 orationis
883 2271 1080 2337 Velleianae
1113 2272 1263 2336 colorem
1289 2269 1462 2356 pertinens

288 2375 445 2461 quaestio
479 2375 697 2459 adiungatur.
744 2371 863 2439 Cuivis
885 2374 941 2438 vel
968 2375 1078 2440 obiter
1104 2374 1171 2438 hoe
1197 2372 1358 2438 volumen
1389 2389 1466 2454 per-

290 2478 443 2544 currenti
464 2479 584 2562 sponte
607 2495 643 2542 se
665 2476 793 2560 ingerit
814 2495 889 2542 mos
912 2477 1016 2541 etiam
1031 2476 1266 2560 superioribus
1289 2472 1465 2541 historicis

290 2578 360 2645 fere
382 2578 673 2645 familiarissimus
688 2579 726 2642 in
740 2578 937 2643 narratione
952 2578 1121 2644 vividiore
1139 2578 1355 2654 omittendae,
1378 2593 1466 2661 quae

291 2685 445 2762 vocatur,
470 2681 652 2766 copulae.³)
685 2681 887 2760 distantem,
909 2679 971 2746 nbi
992 2681 1102 2745 invito
1113 2679 1244 2746 Velleio
1261 2679 1338 2745 dari
1352 2679 1466 2744 videa-

291 2787 349 2849 tur
372 2783 545 2869 copiosius
569 2783 703 2848 dieendi
724 2801 841 2868 genus.
871 2783 987 2867 Atque
1001 2768 1310 2868 primum‘quidem
1331 2782 1367 2847 Π
1384 2783 1466 2860 76‚2

291 2885 480 2951 e'uoulettou
506 2885 648 2950 eaeedere
674 2884 775 2950 Italia
796 2883 912 2950 Caesar
934 2905 1048 2966 possus
1069 2884 1222 2950 Fulvium
1247 2883 1468 2964 Plautumque

292 2987 452 3054 muliebris
472 2987 570 3072 fupoe
591 2987 731 3052 comitem
757 3007 800 3052 ne
826 2987 969 3052 minima
996 2987 1136 3072 quidem
1169 3006 1275 3052 eausa
1308 2989 1372 3066 est,
1406 3003 1467 3050 eur

291 3090 454 3168 addatur,
489 3091 528 3154 ut
554 3089 687 3154 addidit
708 3088 884 3169 Halmius,
919 3108 997 3153 enm
1020 3086 1143 3154 Oludio
1171 3093 1216 3153 est
1240 3092 1320 3173 post
1340 3108 1465 3171 poeseos

291 3190 413 3256 Paullo
436 3190 556 3255 durior
574 3191 732 3255 videatur
753 3190 834 3255 talis
857 3191 1008 3257 brevitas
1031 3190 1067 3254 in
1091 3191 1275 3256 enuntiatis
1297 3191 1466 3256 relativis:

290 3296 405 3358 tamen
427 3295 518 3356 reete
539 3292 706 3358 toleratur
727 3292 763 3357 H
785 3297 814 3373 7,
831 3296 860 3358 5.
884 3296 936 3372 37,
952 3296 981 3358 5.
1019 3292 1140 3377 Itaque
1162 3313 1204 3358 ne
1219 3293 1306 3377 his4)
1329 3294 1468 3379 quidem

293 3395 395 3476 locis,
428 3394 465 3459 in
487 3394 613 3479 quibus
636 3397 812 3480 praeterea
833 3395 996 3459 monendi
1019 3394 1151 3480 aliquid
1177 3398 1298 3476 restat,
1333 3397 1468 3462 dubita-

292 3496 398 3563 veris:
421 3497 458 3562 H
481 3501 569 3577 99,4
590 3496 672 3562 illud
693 3497 790 3562 ele'ou
813 3496 852 3561 iu
873 3495 929 3562 hoo
944 3502 1134 3562 troueeursu
1153 3496 1322 3562 dicendum
1344 3502 1397 3579 est,
1420 3498 1469 3564 itu

292 3604 406 3682 septem
428 3619 532 3665 ouuu
546 3597 656 3664 aaa·
673 3604 833 3664 uerutum
855 3597 914 3682 [so.
933 3599 982 3663 Ti.
998 3598 1192 3683 Neronem]‚
1215 3604 1255 3664 ut
1275 3620 1389 3680 unua,
1412 3599 1470 3681 qui

287 3722 350 3785 pro
383 3701 561 3766 cunalibus
592 3701 747 3785 tepuitque
773 3701 812 3766 e'u
846 3701 1086 3766 trousuore'uos
1111 3699 1246 3783 profecti
1272 3701 1467 3784 prooiuu’os,

295 3803 419 3869 oiseudi
441 3803 509 3868 eius
527 3804 637 3888 prolia
652 3803 719 3887 †od
733 3825 824 3886 queue
839 3803 1056 3869 eoueeue'eutes
1074 3823 1193 3885 semper
1201 3802 1340 3886 privato,
1362 3804 1391 3868 se'
1412 3803 1470 3869 ello

293 3905 443 3971 molestos
458 3906 593 3988 privato
613 3926 768 3988 uuequou
780 3906 857 3990 fuet,
878 3906 977 3990 foeces
998 3926 1070 3970 suos
1090 3906 1311 3971 summiserant
1329 3905 1470 3989 fessique

382 4110 404 4178 1)
423 4109 479 4164 Ofr.
498 4110 649 4177 Vahlenua
668 4109 856 4179 Sitzungsber.
875 4110 900 4164 d.
912 4109 986 4164 Berl.
998 4109 1053 4163 Ak.
1067 4109 1091 4163 d.
1105 4110 1150 4164 W.
1169 4109 1236 4163 1889
1253 4127 1278 4178 p.
1293 4109 1359 4162 1054
1371 4109 1433 4163 adn.
1447 4109 1470 4162 1.

382 4197 402 4263 ²)
421 4195 478 4250 Gfr.
489 4195 649 4263 Thimmius,
661 4195 704 4250 De
713 4210 766 4250 usu
777 4201 861 4263 atque
873 4194 938 4250 eloe.
957 4194 986 4249 0,
997 4194 1073 4249 Suet.
1084 4194 1204 4264 Tranqu.
1214 4193 1296 4264 (Reg.
1306 4195 1385 4262 1867)
1394 4211 1419 4262 p.
1429 4194 1470 4249 20.

381 4281 403 4350 3)
422 4281 479 4336 orr.
497 4281 624 4335 Kritzius
643 4281 678 4335 ad
695 4280 726 4335 11
744 4281 785 4348 55,
804 4281 828 4334 1.

381 4367 402 4434 ⁴)
421 4365 516 4421 ,utiam
533 4366 563 4420 in
581 4365 666 4420 Surae
684 4365 841 4434 fragmento
859 4365 875 4418 I
892 4365 916 4433 6,
935 4365 951 4418 6
969 4363 1145 4420 toleraverim
1167 4362 1215 4432 qut
1231 4363 1359 4433 princepe
1376 4380 1471 4419 remu

293 4451 407 4521 potitae.
