3358 5154
770 443 981 508 ..28-

373 611 415 677 In
448 611 568 697 paucis
601 611 834 677 memorabilis
869 613 920 677 est
953 612 995 676 de
1027 612 1162 677 vetusto
1198 611 1315 676 codice
1343 610 1465 676 relatio

289 714 325 779 Π
350 717 420 794 102,
437 717 467 794 3,
489 713 551 779 ubi
573 713 686 778 duude
706 713 879 778 reluctatus
894 712 1077 793 lautusque
1092 718 1249 778 1000110100
1270 711 1309 778 tu
1324 711 1465 792 Itatc'uu,

290 833 359 900 cqs.
384 816 496 881 exstat
517 815 553 879 in
568 815 605 895 P,
627 816 726 880 haec:
750 816 865 901 ,Exep
882 818 1056 880 vetustum
1078 815 1129 881 sic
1143 816 1257 895 habet,
1280 817 1319 879 ut
1333 815 1465 881 nescias

289 937 334 982 an
356 917 415 982 dtu
435 917 618 997 reluctatus,
642 937 703 983 seu
723 917 840 1002 potius
864 917 901 982 de
915 917 1022 983 reditu
1037 917 1185 997 leututus,
1207 916 1390 1000 legendum
1406 917 1465 982 sit:

288 1019 375 1084 mihi
396 1022 511 1084 tamen
532 1019 630 1105 prior
651 1019 753 1084 lectio
775 1039 846 1086 non
860 1039 1122 1106 usquequaque
1145 1019 1323 1104 displicet‘.
1359 1017 1466 1084 Suum

289 1121 326 1186 in
348 1120 524 1187 referendo
547 1120 727 1202 iudicium,
755 1141 921 1208 suamque
948 1123 1180 1188 coniecturam
1202 1120 1384 1186 Burerium
1408 1121 1466 1185 ad-

288 1223 469 1290 miscuisse
491 1224 648 1308 adparet:
671 1224 782 1309 ipsius
803 1228 917 1291 autem
933 1225 1062 1292 codicis
1077 1226 1163 1290 haec
1176 1222 1281 1289 fuerit
1295 1223 1467 1308 scriptura

291 1325 536 1442 dedmretuctutus.
581 1376 737 1458 Iudeis,
771 1377 895 1463 quiin
916 1379 1076 1444 Rhenani
1101 1397 1203 1444 usum
1231 1377 1384 1442 codicem
1411 1377 1466 1441 de-

287 1479 438 1563 scripsit,
459 1479 596 1544 ridetur
619 1478 769 1545 effecisse
792 1480 851 1545 dtu
872 1481 910 1545 de
931 1502 966 1545 rc
988 1480 1134 1560 luctatus,
1159 1481 1248 1545 sicut
1270 1481 1383 1558 habet,
1406 1478 1467 1564 qui

291 1581 363 1647 eius
392 1581 548 1666 exemplo
570 1600 654 1647 usus
677 1585 738 1663 est,
766 1583 1029 1649 Amerbachius.
1075 1582 1218 1648 Minime
1247 1584 1361 1646 autem
1388 1600 1467 1666 pro·

289 1683 405 1750 banda
433 1685 484 1749 est
510 1683 669 1748 Rhenani
703 1685 899 1750 coniectura
930 1705 995 1771 pro
1028 1684 1087 1750 dtu
1121 1685 1158 1750 de
1190 1684 1275 1750 satis
1308 1683 1466 1749 habentis

290 1784 403 1850 duudc
425 1785 584 1864 scribere,
608 1805 818 1871 quamquam
841 1787 1032 1853 certissima
1053 1787 1129 1853 visa
1151 1790 1204 1852 est
1220 1786 1365 1866 Kritzio,
1388 1805 1466 1870 pro«

290 1888 454 1972 bavitque
486 1886 664 1952 Halmius:
701 1888 807 1953 immo
846 1889 1095 1955 consideratius
1133 1892 1276 1974 egerunt
1312 1889 1372 1974 qui
1408 1887 1467 1952 dtu

291 1992 444 2069 tenuere,
472 2008 620 2074 quorum
643 1990 825 2054 conamina
845 1992 983 2076 potiora
1006 1991 1123 2056 adlata
1145 1991 1292 2056 suntab
1315 1989 1465 2067 Halmio,

290 2092 365 2157 auu
387 2091 447 2156 diu
467 2091 641 2156 reluctatus
662 2091 827 2172 Acidalii,
850 2092 910 2157 dtu
931 2093 1044 2158 deiude
1064 2093 1238 2158 reluctatus
1258 2090 1465 2157 Ruhnkenii.

290 2195 405 2279 Atque
438 2194 505 2258 hoc
537 2193 690 2278 quidem,
724 2195 817 2278 quod
845 2195 1080 2280 compluribus
1107 2195 1239 2280 placuit
1266 2193 1465 2270 editoribus

289 2298 420 2361 rectum
441 2294 511 2360 fere
532 2295 705 2375 videatur,
738 2295 807 2360 nisi
829 2297 921 2381 quod
949 2296 1130 2362 maluerim
1157 2294 1312 2381 dc<tude>
1334 2295 1393 2360 dtu
1418 2315 1465 2359 re-

289 2398 437 2475 luctatur,
461 2418 539 2463 cum
562 2398 613 2463 sic
627 2397 682 2463 vel
700 2395 868 2463 referatur
884 2399 998 2464 delude
1013 2399 1226 2464 commodius
1242 2398 1288 2462 ad
1301 2401 1466 2476 reportem,

290 2519 359 2586 quo
380 2500 528 2564 relatum
550 2500 678 2566 iudicio
701 2500 813 2566 voluit
834 2501 998 2567 Kritzius.

376 2599 648 2687 suprascriptae,
671 2622 759 2687 quae
781 2603 817 2667 in
837 2604 870 2667 A
893 2603 1029 2687 saepius
1051 2602 1281 2682 inveniuntur,
1303 2601 1466 2667 lectiones

289 2704 326 2768 in
347 2701 442 2768 fonte
463 2704 684 2769 Murbacensi
712 2705 830 2769 eodem
857 2704 1044 2769 identidem
1070 2705 1174 2769 modo
1201 2703 1374 2770 exstitisse
1395 2703 1466 2788 ple-

289 2805 465 2890 niorisque
492 2806 550 2871 hic
576 2805 649 2871 illic
676 2807 843 2872 orationis
870 2807 1017 2892 vestigia
1043 2807 1203 2871 videntur
1236 2824 1465 2872 conservasse.

290 2908 394 2973 Velut
415 2909 451 2974 Il
476 2915 546 2989 111,
570 2914 600 2989 4,
628 2929 696 2995 quo
722 2909 800 2974 loco
823 2909 952 2974 editum
986 2911 1037 2974 est
1063 2910 1107 2974 ab
1135 2908 1275 2973 Halmio
1304 2927 1384 2988 quos
1409 2927 1466 2973 uos

284 3010 392 3092 prauo
424 3030 512 3076 uuuo
545 3011 625 3076 ucles
656 3010 794 3076 hostium
825 3009 981 3076 uidimus!
1012 3009 1144 3091 quautts
1174 3009 1350 3092 prudentia
1376 3009 1466 3076 ducis

289 3112 577 3194 opportunitatibus
589 3113 734 3196 frueutcs
755 3135 863 3178 eorum
884 3113 965 3178 atres
986 3112 1153 3178 uniuersos
1173 3113 1334 3192 clusimus,
1356 3110 1465 3196 <fudi-

290 3215 384 3298 mus>
398 3213 564 3296 partitus!
590 3215 747 3281 HabetP
767 3216 924 3299 furcutu‘s
945 3215 983 3280 iu
1006 3236 1078 3280 euuc
1099 3214 1194 3280 tureis
1208 3214 1376 3280 uutuersas
1398 3233 1466 3278 eou-

292 3315 392 3380 er'uus
412 3315 575 3397 portatus,
610 3318 653 3382 ad
680 3318 774 3402 quod
803 3317 981 3383 adnotavit
1001 3317 1166 3382 Burerius
1195 3315 1337 3400 ,ferretus
1362 3316 1401 3381 tu
1427 3327 1466 3380 eu

288 3417 384 3482 atreis
404 3418 581 3484 uutocrsos.
615 3439 666 3483 ex.
690 3422 755 3483 vet.
779 3419 833 3483 ha.
856 3419 988 3502 furatus
1010 3431 1083 3484 eoru
1105 3419 1188 3484 ures
1209 3419 1376 3484 rcuiuersos
1398 3437 1466 3482 eou-

290 3571 391 3636 suuus
405 3571 480 3649 def,
504 3573 538 3637 A
560 3575 675 3637 autem
685 3573 709 3656 ¹)
729 3571 872 3657 furculis
893 3594 1000 3638 eorum
1022 3573 1101 3638 virts
1122 3572 1289 3637 uuiversos
1310 3530 1466 3636 edlffis

283 3673 440 3755 portibus.
485 3674 539 3738 Ex
562 3675 698 3740 Burerii
724 3677 807 3740 nota
833 3675 918 3740 certi
944 3676 1032 3740 nihil
1058 3673 1127 3740 tere
1154 3673 1372 3739 concluditur
1398 3672 1466 3738 nisi

288 3777 355 3841 hoc
376 3795 498 3856 eorum,
533 3795 602 3840 non
628 3775 668 3841 tu
694 3797 780 3857 cuu,
814 3777 978 3843 habuisse
1000 3778 1277 3856 Murbacensem,
1312 3775 1465 3860 quando-

289 3877 429 3962 quidem
451 3877 536 3942 satis
560 3879 695 3943 constat
716 3877 753 3941 in
775 3876 968 3944 adferendis
990 3879 1113 3944 vicinis
1137 3879 1201 3958 eis,
1224 3897 1312 3963 quae
1334 3878 1466 3961 spectat

289 3978 447 4058 maxime,
471 3978 650 4045 vocabulis
667 3980 821 4046 securius
838 4001 913 4045 eum
931 4002 1003 4045 rem
1018 3982 1139 4066 egisse.
1174 3982 1288 4064 Atque
1308 3977 1465 4061 frtreutets

288 4134 474 4215 utcumque
501 4134 616 4196 ortum
643 4134 695 4198 est
721 4169 762 4178 —
789 4130 936 4198 fortasse
957 4132 1024 4199 fuit
1048 4095 1192 4217 furentes
1217 4132 1393 4218 primitus,
1421 4131 1465 4196 si-

369 4333 393 4470 ἕ)
414 4331 470 4386 Otr.
489 4332 640 4389 Fechterus
658 4335 676 4389 l.
694 4333 713 4388 l.
731 4351 758 4401 p.
776 4336 818 4389 29.
853 4335 1013 4404 Apparatus
1031 4336 1196 4392 Helmianus
1214 4335 1259 4391 hic
1275 4351 1373 4405 parum
1391 4350 1467 4390 eccu-

291 4422 352 4472 rate
382 4422 469 4472 actus.
