3358 5154
779 454 991 517 -26-

296 625 404 708 diem),
431 622 616 689 innocentia
642 620 792 701 animine,
819 618 987 686 sanctitate
1007 619 1216 703 praecipnas,
1245 641 1313 706 eqs.
1358 620 1414 685 Ita
1441 621 1473 686 si

296 728 487 794 orationem
509 726 733 804 ordinaveris,
757 726 790 788 et
803 743 865 808 per
885 742 922 788 se
943 725 1072 804 evadet,
1096 723 1255 808 quamvis
1276 725 1473 791 etiamnunc

296 830 475 916 impedita,
504 829 681 914 aliquanto
706 825 920 905 concinnior,
948 845 1057 911 nequo
1084 845 1171 911 opus
1194 830 1246 892 est
1267 827 1374 894 variis
1397 847 1472 893 mu-

296 932 496 1010 tationibus,
518 931 613 995 velut
634 930 786 995 Haasius
810 932 843 994 et
864 928 1024 994 Hahnius
1046 930 1244 1014 parenthesi
1266 949 1335 995 non
1357 933 1472 1016 posita

296 1035 349 1100 seat
375 1054 501 1119 capro
528 1034 580 1098 sat
606 1053 645 1098 ea
672 1035 843 1098 sumentes
871 1051 892 1096 a
918 1033 1131 1113 Burmanno,
1164 1053 1237 1097 erim
1264 1052 1327 1118 pro
1355 1035 1423 1100 eins
1450 1055 1471 1100 a

297 1138 430 1224 Lipsi0,
459 1136 630 1220 simulque
651 1154 732 1216 qnae
755 1138 833 1200 ante
855 1135 894 1199 in
915 1133 1004 1198 ittam
1027 1135 1190 1202 addentes
1214 1156 1291 1202 cum
1313 1137 1405 1203 Aldo
1428 1161 1471 1205 ne

296 1241 347 1306 sic
369 1240 507 1325 quidem
530 1239 658 1305 claram
682 1240 715 1302 ot
736 1237 952 1323 perspicuam
975 1237 1091 1302 nancti
1113 1241 1194 1303 sunt
1215 1241 1426 1306 sententiam.

381 1343 417 1408 H
440 1347 490 1421 34,
507 1345 525 1408 3
545 1362 603 1423 per
622 1340 698 1406 haec
721 1345 858 1422 mmpora
872 1339 919 1404 M.
938 1338 1052 1418 caeo,
1075 1340 1132 1420 qni
1150 1341 1260 1407 omnia
1274 1341 1471 1412 incremaita

295 1465 357 1510 saa
378 1443 436 1510 sili
457 1443 574 1524 debirit,
601 1443 653 1508 vir
672 1442 824 1508 maritatis
844 1441 1054 1508 nobilissimae
1079 1447 1110 1508 et
1130 1443 1255 1508 atrita
1276 1444 1395 1528 claras,
1422 1447 1471 1516 ita

296 1546 425 1632 inpenio
446 1545 617 1625 mammas,
640 1543 799 1632 qni<qne>
820 1544 928 1628 effecit,
951 1565 992 1610 nc
1013 1566 1149 1627 qnorum
1172 1567 1265 1613 arma
1286 1550 1470 1635 rriceramns,

295 1673 403 1718 mam
424 1648 552 1734 tripertio
573 1647 779 1726 vinceremur,
810 1647 919 1712 consal
938 1696 945 1710 .
962 1695 994 1710 ..
1018 1649 1153 1729 apernit.
1204 1651 1371 1738 araque>
1393 1677 1471 1723 cum

296 1751 540 1837 Oudendorpio
557 1750 696 1834 scripsit
710 1748 870 1814 Halmius
885 1768 949 1834 pro
964 1749 1021 1830 qni
1036 1750 1110 1829 AP,
1133 1753 1225 1837 quod
1240 1759 1470 1824 necessarium

295 1875 364 1921 non
386 1858 480 1940 puto,
502 1873 566 1938 pro
589 1851 784 1937 parenthesi
798 1852 928 1917 habens
951 1852 1008 1932 qni
1029 1851 1141 1935 effecit,
1163 1874 1223 1919 ne.
1238 1905 1245 1918 .
1261 1857 1469 1928 vinceremur.

380 1959 415 2023 H
439 1961 542 2036 105,1
563 2006 568 2018 .
587 2006 593 2018 .
610 1975 682 2018 cam
704 1974 825 2018 manem
842 1957 968 2035 partem
984 1954 1152 2036 asperrimi
1166 1977 1203 2021 ac
1213 1960 1471 2040 periculosissimi

294 2060 363 2126 aaa
390 2059 507 2126 Caesar
527 2057 717 2135 vindicaret,
746 2055 785 2120 in
806 2055 860 2136 iis,
888 2076 970 2136 qaae
990 2056 1126 2122 minoris
1147 2066 1242 2126 erant
1262 2063 1468 2148 discriminis,

297 2161 444 2229 Scatinm
472 2159 707 2238 Satnrninnm,
740 2158 866 2239 qni-
895 2162 963 2222 tram
990 2159 1110 2242 tepatns
1130 2163 1238 2243 patris
1264 2165 1333 2230 eins
1361 2205 1401 2214 —
1430 2169 1470 2236 in

299 2264 476 2332 Gnmania
500 2262 622 2346 faeiat,
644 2260 853 2344 praefecisset,
877 2280 945 2346 eqs.
992 2260 1071 2327 Sine
1098 2266 1286 2332 mutatione
1313 2270 1398 2336 haec
1418 2272 1470 2338 ita

295 2367 540 2435 constituerim.
586 2368 701 2449 Atque
728 2384 770 2429 ne
796 2383 860 2449 pro
886 2363 1075 2445 matacrei,
1104 2366 1142 2431 in
1164 2367 1205 2432 iis
1227 2367 1343 2437 Cludii
1365 2373 1470 2440 madi

293 2477 380 2539 caret
392 2469 459 2550 sibi,
482 2468 524 2533 iis
544 2470 686 2553 poneret
699 2466 737 2531 in
751 2468 848 2531 textu
862 2465 1032 2548 Halmius
1057 2468 1141 2535 satis
1158 2471 1290 2538 cavisse
1306 2474 1470 2542 debuerat

294 2573 471 2642 adnotatio
493 2570 621 2636 Kritzii
642 2570 724 2634 nixa
747 2566 952 2654 Schoepferi.
1000 2567 1107 2634 Suum
1130 2575 1244 2638 autem
1267 2576 1398 2642 obtinet
1418 2579 1469 2644 lo-

294 2699 373 2745 cum
395 2681 464 2740 tam
485 2673 567 2752 AP,
595 2690 750 2757 proquo
776 2669 844 2735 iam
871 2671 1033 2736 continua
1060 2675 1216 2740 oratione
1242 2678 1406 2746 edebatur
1428 2683 1470 2747 do

294 2778 440 2848 Gruneri
476 2774 653 2842 sententia.
700 2771 767 2840 aa.
791 2773 818 2837 Ι.
845 2777 893 2854 10,
921 2780 934 2839 1
966 2778 1035 2838 tam
1060 2797 1118 2841 ren
1147 2776 1269 2868 Sqriae.
1314 2782 1350 2846 ΙΙ
1372 2787 1423 2864 46,
1447 2789 1468 2850 4

294 2891 362 2951 tam
383 2884 537 2964 quaestor.

378 2985 414 3050 Il
438 2986 509 3061 125,
532 2985 552 3046 4
574 3000 636 3062 qm
657 2979 783 3062 qnidam
806 2983 938 3061 tempore
960 2984 997 3044 nt
1014 2979 1165 3062 pleraque
1191 2983 1313 3066 ipnomt
1337 2987 1468 3053 (imma

292 3089 395 3167 niens,
417 3085 465 3150 ita
480 3084 620 3162 Drnsas,
643 3083 700 3164 qni
721 3103 743 3147 a
761 3087 853 3164 patre
877 3081 914 3147 in
935 3119 977 3128 —-
999 3082 1035 3146 id
1055 3083 1160 3165 ipsam
1175 3085 1319 3167 pintima
1340 3090 1468 3170 qrtidem

294 3191 366 3275 ipae
388 3187 526 3252 emicans
541 3223 582 3232 —
597 3184 782 3250 incendium
796 3183 947 3249 militaris
962 3185 1118 3250 tamnttns
1136 3187 1249 3254 missas
1263 3195 1340 3271 erat,
1358 3192 1469 3274 prisea

293 3291 491 3372 antiqnaqac
512 3287 673 3352 severitate
695 3307 774 3350 nsrrs
800 3285 956 3368 amipitia
981 3287 1040 3351 siti
1060 3286 1220 3376 (mutarit)
1242 3292 1350 3358 timere
1371 3315 1469 3376 qnam

292 3393 428 3476 erempto
447 3390 640 3474 perniciosa,
667 3388 768 3454 ethis
789 3388 866 3470 ipsis
887 3388 1027 3454 militnm
1045 3391 1177 3474 aladiis,
1200 3393 1313 3474 qnibns
1334 3395 1468 3462 obsessrts

292 3501 374 3575 erat,
398 3493 565 3559 obsidentes
587 3491 734 3572 co'e'reait,
763 3511 831 3576 eqs.
878 3489 962 3577 Spes
985 3495 1037 3558 est
1063 3494 1128 3559 hoc
1151 3496 1253 3561 modo
1275 3495 1345 3563 fere
1368 3519 1467 3584 expe·

293 3599 362 3665 diri
383 3598 507 3676 locum,
530 3615 632 3680 quem
654 3594 806 3659 nondum
829 3594 1026 3678 expeditum
1048 3615 1214 3662 assevero
1231 3601 1468 3682 pronuntiavit

292 3699 463 3779 Halmius,
486 3698 523 3762 in
546 3697 783 3763 constituendo
807 3716 845 3761 eo
862 3695 1077 3782 Madvigium
1093 3699 1313 3782 potissimum
1329 3704 1466 3768 secutus

291 3803 374 3889 ipse.
414 3803 527 3885 Atque
542 3799 673 3865 Drnsm
696 3820 774 3864 cum
797 3802 889 3864 certa
911 3799 958 3864 sit
980 3800 1171 3865 emendatio
1193 3800 1326 3868 Gelenii
1341 3804 1468 3869 Brntns

291 3903 534 3991 praebentibus
551 3902 630 3982 AP,
653 3901 770 3986 paullo
794 3904 871 3966 ante
886 3921 969 3966 num
985 3901 1058 3966 iure
1073 3901 1196 3985 ipnorit
1217 3924 1294 3969 cum
1318 3907 1467 3972 editione

291 4006 478 4091 Bipontina
500 4005 677 4088 scripserit
699 4003 870 4082 Halmius,
893 4003 954 4069 ubi
975 4004 1090 4086 maara
1111 4005 1241 4071 habent
1264 4008 1343 4088 AP,
1367 4009 1467 4075 dubi·

290 4109 358 4172 tari
380 4127 461 4173 sane
484 4110 605 4193 potest,
630 4109 663 4170 et
685 4125 893 4191 quamquam
913 4125 968 4171 ros
983 4106 1061 4190 ipsa
1077 4107 1175 4172 docet
1188 4112 1364 4193 praestare
1378 4111 1466 4175 illud

290 4209 488 4276 Ruhnkenii
510 4209 713 4275 correctioni
735 4207 797 4292 epit
815 4227 918 4291 artare
939 4208 1167 4290 rest'tuentis,
1195 4213 1310 4276 tamen
1332 4211 1387 4277 vel
1408 4213 1466 4277 hic

291 4311 441 4396 aliquam
463 4310 610 4376 fortasse
631 4315 764 4395 partem
779 4310 852 4375 veri
875 4310 1057 4376 adsecutus
1074 4313 1133 4391 est,
1156 4310 1290 4397 fuitque
1305 4314 1466 4398 primitus

290 4413 495 4499 ipn<oscendo
510 4413 573 4497 epit
583 4415 714 4498 pn>aae
742 4413 818 4477 Iam
837 4414 1027 4496 sequuntur
1042 4412 1275 4499 Madvigiaua.
1306 4415 1465 4480 Primum
