<?xml version="1.0" encoding="UTF-8"?>
<!DOCTYPE html PUBLIC "-//W3C//DTD XHTML 1.0 Transitional//EN"
    "http://www.w3.org/TR/xhtml1/DTD/xhtml1-transitional.dtd">
<html xmlns="http://www.w3.org/1999/xhtml" xml:lang="en" lang="en">
 <head>
  <title>
</title>
<meta http-equiv="Content-Type" content="text/html;charset=utf-8" />
  <meta name='ocr-system' content='tesseract 3.04.00' />
  <meta name='ocr-capabilities' content='ocr_page ocr_carea ocr_par ocr_line ocrx_word'/>
</head>
<body>
  <div class='ocr_page' id='page_1' title='image "./develleianivolu00goog_0025.png"; bbox 0 0 3358 5154; ppageno 0'>
   <div class='ocr_carea' id='block_1_1' title="bbox 807 451 1019 514">
    <p class='ocr_par' dir='ltr' id='par_1_1' title="bbox 807 451 1019 514">
     <span class='ocr_line' id='line_1_1' title="bbox 807 451 1019 514; baseline -0.005 -19"><span class='ocrx_word' id='word_1_1' title='bbox 807 451 1019 514; x_wconf 68' lang='lat'>..20-</span> 
     </span>
    </p>
   </div>
   <div class='ocr_carea' id='block_1_2' title="bbox 325 616 1503 1007">
    <p class='ocr_par' dir='ltr' id='par_1_2' title="bbox 325 616 1503 1007">
     <span class='ocr_line' id='line_1_2' title="bbox 326 616 1503 702; baseline -0.005 -17"><span class='ocrx_word' id='word_1_2' title='bbox 326 623 359 685; x_wconf 91' lang='lat' dir='ltr'><em>et</em></span> <span class='ocrx_word' id='word_1_3' title='bbox 378 640 489 702; x_wconf 78' lang='lat' dir='ltr'><em>parem</em></span> <span class='ocrx_word' id='word_1_4' title='bbox 511 618 620 684; x_wconf 85' lang='lat' dir='ltr'><em>artius</em></span> <span class='ocrx_word' id='word_1_5' title='bbox 644 618 903 702; x_wconf 88' lang='lat' dir='ltr'><em>coniungentes,</em></span> <span class='ocrx_word' id='word_1_6' title='bbox 926 618 1053 682; x_wconf 92' lang='lat' dir='ltr'><em>rectius</em></span> <span class='ocrx_word' id='word_1_7' title='bbox 1076 616 1242 682; x_wconf 85' lang='lat' dir='ltr'><em>animost</em></span> <span class='ocrx_word' id='word_1_8' title='bbox 1265 616 1341 680; x_wconf 81' lang='lat' dir='ltr'><em>tulit</em></span> <span class='ocrx_word' id='word_1_9' title='bbox 1362 616 1503 681; x_wconf 87' lang='lat' dir='ltr'><em>coniun-</em></span> 
     </span>
     <span class='ocr_line' id='line_1_3' title="bbox 325 717 1502 799; baseline -0.004 -13"><span class='ocrx_word' id='word_1_10' title='bbox 325 723 417 789; x_wconf 85' lang='lat' dir='ltr'><em>xisse</em></span> <span class='ocrx_word' id='word_1_11' title='bbox 444 721 636 786; x_wconf 87' lang='lat' dir='ltr'><em>Heinsiurn.</em></span> <span class='ocrx_word' id='word_1_12' title='bbox 682 717 844 786; x_wconf 82' lang='lat' dir='ltr'><em>Conferre</em></span> <span class='ocrx_word' id='word_1_13' title='bbox 877 720 975 785; x_wconf 92' lang='lat' dir='ltr'><em>iuvat</em></span> <span class='ocrx_word' id='word_1_14' title='bbox 1000 719 1074 784; x_wconf 87' lang='lat' dir='ltr'><em>Liv.</em></span> <span class='ocrx_word' id='word_1_15' title='bbox 1096 719 1150 783; x_wconf 90' lang='lat' dir='ltr'><em>IX</em></span> <span class='ocrx_word' id='word_1_16' title='bbox 1174 723 1223 799; x_wconf 87' lang='grc'><em>16,</em></span> <span class='ocrx_word' id='word_1_17' title='bbox 1250 723 1288 784; x_wconf 87' lang='grc'><em>19</em></span> <span class='ocrx_word' id='word_1_18' title='bbox 1321 717 1403 799; x_wconf 77' lang='lat' dir='ltr'><em>quin</em></span> <span class='ocrx_word' id='word_1_19' title='bbox 1430 739 1502 782; x_wconf 89' lang='lat' dir='ltr'><em>eum</em></span> 
     </span>
     <span class='ocr_line' id='line_1_4' title="bbox 327 820 1500 909; baseline -0.005 -19"><span class='ocrx_word' id='word_1_20' title='bbox 327 825 386 909; x_wconf 87' lang='lat' dir='ltr'><em>[sc.</em></span> <span class='ocrx_word' id='word_1_21' title='bbox 403 822 596 908; x_wconf 81' lang='lat' dir='ltr'><em>Papirium]</em></span> <span class='ocrx_word' id='word_1_22' title='bbox 609 842 721 905; x_wconf 79' lang='lat' dir='ltr'><em>parom</em></span> <span class='ocrx_word' id='word_1_23' title='bbox 736 822 900 887; x_wconf 87' lang='lat' dir='ltr'><em>destinant</em></span> <span class='ocrx_word' id='word_1_24' title='bbox 914 821 1036 886; x_wconf 85' lang='lat' dir='ltr'><em>animis</em></span> <span class='ocrx_word' id='word_1_25' title='bbox 1050 821 1172 905; x_wconf 80' lang='lat' dir='ltr'><em>Mupno</em></span> <span class='ocrx_word' id='word_1_26' title='bbox 1182 820 1366 886; x_wconf 80' lang='lat' dir='ltr'><em>Aleuundro</em></span> <span class='ocrx_word' id='word_1_27' title='bbox 1382 821 1500 900; x_wconf 84' lang='lat' dir='ltr'><em>durem,</em></span> 
     </span>
     <span class='ocr_line' id='line_1_5' title="bbox 325 923 1186 1007; baseline -0.007 -15"><span class='ocrx_word' id='word_1_28' title='bbox 325 927 353 992; x_wconf 90' lang='lat' dir='ltr'><em>si</em></span> <span class='ocrx_word' id='word_1_29' title='bbox 376 945 470 991; x_wconf 84' lang='lat' dir='ltr'><em>arma</em></span> <span class='ocrx_word' id='word_1_30' title='bbox 491 925 572 990; x_wconf 83' lang='lat' dir='ltr'><em>Asia</em></span> <span class='ocrx_word' id='word_1_31' title='bbox 592 923 770 1007; x_wconf 81' lang='lat' dir='ltr'><em>perdomita</em></span> <span class='ocrx_word' id='word_1_32' title='bbox 790 923 829 988; x_wconf 94' lang='lat' dir='ltr'><em>in</em></span> <span class='ocrx_word' id='word_1_33' title='bbox 851 923 1017 1004; x_wconf 72' lang='grc'><strong>11111111</strong></span> <span class='ocrx_word' id='word_1_34' title='bbox 1038 923 1186 988; x_wconf 83' lang='lat' dir='ltr'><em>uertisset.</em></span> 
     </span>
    </p>
   </div>
   <div class='ocr_carea' id='block_1_3' title="bbox 329 1040 1502 1230">
    <p class='ocr_par' dir='ltr' id='par_1_3' title="bbox 329 1040 1502 1230">
     <span class='ocr_line' id='line_1_6' title="bbox 410 1040 1502 1123; baseline -0.003 -15"><span class='ocrx_word' id='word_1_35' title='bbox 410 1044 521 1123; x_wconf 86' lang='grc'><strong>1146,</strong></span> <span class='ocrx_word' id='word_1_36' title='bbox 545 1048 564 1109; x_wconf 99' lang='grc'>2</span> <span class='ocrx_word' id='word_1_37' title='bbox 589 1042 753 1109; x_wconf 79' lang='lat' dir='ltr'><em>..Orasso</em></span> <span class='ocrx_word' id='word_1_38' title='bbox 782 1042 893 1107; x_wconf 85' lang='lat' dir='ltr'><em>beilum</em></span> <span class='ocrx_word' id='word_1_39' title='bbox 915 1043 1105 1108; x_wconf 77' lang='lat' dir='ltr'><em>Puotliiuim</em></span> <span class='ocrx_word' id='word_1_40' title='bbox 1131 1042 1198 1107; x_wconf 91' lang='lat' dir='ltr'><em>iam</em></span> <span class='ocrx_word' id='word_1_41' title='bbox 1224 1041 1334 1106; x_wconf 92' lang='lat' dir='ltr'><em>animo</em></span> <span class='ocrx_word' id='word_1_42' title='bbox 1360 1040 1502 1106; x_wconf 72' lang='lat' dir='ltr'><em>molienti</em></span> 
     </span>
     <span class='ocr_line' id='line_1_7' title="bbox 329 1143 1501 1230; baseline -0.002 -20"><span class='ocrx_word' id='word_1_43' title='bbox 329 1145 427 1230; x_wconf 69' lang='lat' dir='ltr'><em>Syria</em></span> <span class='ocrx_word' id='word_1_44' title='bbox 449 1147 580 1210; x_wconf 82' lang='lat' dir='ltr'><em>decreta.</em></span> <span class='ocrx_word' id='word_1_45' title='bbox 618 1145 691 1211; x_wconf 90' lang='lat' dir='ltr'><em>Iam</em></span> <span class='ocrx_word' id='word_1_46' title='bbox 712 1145 881 1211; x_wconf 75' lang='lat' dir='ltr'><strong>inutiliter</strong></span> <span class='ocrx_word' id='word_1_47' title='bbox 902 1144 1081 1224; x_wconf 83' lang='lat' dir='ltr'><em>Heinsius3</em></span> <span class='ocrx_word' id='word_1_48' title='bbox 1103 1147 1143 1209; x_wconf 89' lang='lat' dir='ltr'><em>ut</em></span> <span class='ocrx_word' id='word_1_49' title='bbox 1165 1146 1208 1210; x_wconf 91' lang='lat' dir='ltr'><em>ab</em></span> <span class='ocrx_word' id='word_1_50' title='bbox 1231 1144 1372 1210; x_wconf 82' lang='lat' dir='ltr'>Halmio</span> <span class='ocrx_word' id='word_1_51' title='bbox 1395 1143 1501 1209; x_wconf 86' lang='lat' dir='ltr'><em>disce-</em></span> 
     </span>
    </p>
   </div>
   <div class='ocr_carea' id='block_1_4' title="bbox 326 1246 1501 1435">
    <p class='ocr_par' dir='ltr' id='par_1_4' title="bbox 326 1246 1501 1435">
     <span class='ocr_line' id='line_1_8' title="bbox 326 1246 1501 1332; baseline -0.003 -18"><span class='ocrx_word' id='word_1_52' title='bbox 326 1250 409 1314; x_wconf 90' lang='lat' dir='ltr'><em>dens</em></span> <span class='ocrx_word' id='word_1_53' title='bbox 434 1249 595 1314; x_wconf 82' lang='lat' dir='ltr'>accedam</span> <span class='ocrx_word' id='word_1_54' title='bbox 610 1248 776 1332; x_wconf 79' lang='lat' dir='ltr'><em>traditum</em></span> <span class='ocrx_word' id='word_1_55' title='bbox 791 1247 830 1312; x_wconf 92' lang='lat' dir='ltr'><em>in</em></span> <span class='ocrx_word' id='word_1_56' title='bbox 845 1247 916 1313; x_wconf 87' lang='grc' dir='ltr'><em>ΑΡ</em></span> <span class='ocrx_word' id='word_1_57' title='bbox 938 1248 1142 1328; x_wconf 86' lang='lat' dir='ltr'><em>tutantibus,</em></span> <span class='ocrx_word' id='word_1_58' title='bbox 1167 1267 1206 1312; x_wconf 91' lang='lat' dir='ltr'><em>ec</em></span> <span class='ocrx_word' id='word_1_59' title='bbox 1222 1247 1385 1327; x_wconf 86' lang='lat' dir='ltr'><em>adducor,</em></span> <span class='ocrx_word' id='word_1_60' title='bbox 1408 1246 1501 1331; x_wconf 90' lang='lat' dir='ltr'><em>qued</em></span> 
     </span>
     <span class='ocr_line' id='line_1_9' title="bbox 326 1348 1445 1435; baseline -0.004 -19"><span class='ocrx_word' id='word_1_61' title='bbox 326 1351 458 1435; x_wconf 75' lang='lat' dir='ltr'><em>apuam,</em></span> <span class='ocrx_word' id='word_1_62' title='bbox 482 1349 609 1428; x_wconf 76' lang='lat' dir='ltr'><em>vavae,</em></span> <span class='ocrx_word' id='word_1_63' title='bbox 631 1348 774 1414; x_wconf 84' lang='lat' dir='ltr'><em>uolutare</em></span> <span class='ocrx_word' id='word_1_64' title='bbox 795 1351 869 1414; x_wconf 91' lang='lat' dir='ltr'><em>tum</em></span> <span class='ocrx_word' id='word_1_65' title='bbox 892 1349 1019 1414; x_wconf 90' lang='lat' dir='ltr'><em>dicitur</em></span> <span class='ocrx_word' id='word_1_66' title='bbox 1041 1349 1150 1413; x_wconf 92' lang='lat' dir='ltr'><em>animo</em></span> <span class='ocrx_word' id='word_1_67' title='bbox 1171 1351 1246 1414; x_wconf 91' lang='lat' dir='ltr'><em>tum</em></span> <span class='ocrx_word' id='word_1_68' title='bbox 1267 1349 1305 1413; x_wconf 91' lang='lat' dir='ltr'><em>in</em></span> <span class='ocrx_word' id='word_1_69' title='bbox 1328 1348 1445 1413; x_wconf 91' lang='lat' dir='ltr'><em>animo.</em></span> 
     </span>
    </p>
   </div>
   <div class='ocr_carea' id='block_1_5' title="bbox 326 1467 1502 1860">
    <p class='ocr_par' dir='ltr' id='par_1_5' title="bbox 326 1467 1502 1860">
     <span class='ocr_line' id='line_1_10' title="bbox 410 1467 1502 1552; baseline -0.001 -18"><span class='ocrx_word' id='word_1_70' title='bbox 410 1470 446 1534; x_wconf 95' lang='grc' dir='ltr'><em>ΙΙ</em></span> <span class='ocrx_word' id='word_1_71' title='bbox 470 1474 564 1549; x_wconf 90' lang='grc'><em>92,2</em></span> <span class='ocrx_word' id='word_1_72' title='bbox 598 1468 706 1533; x_wconf 83' lang='lat' dir='ltr'><em>aderat</em></span> <span class='ocrx_word' id='word_1_73' title='bbox 738 1468 802 1552; x_wconf 86' lang='lat' dir='ltr'><em>[in]</em></span> <span class='ocrx_word' id='word_1_74' title='bbox 835 1468 1028 1534; x_wconf 72' lang='lat' dir='ltr'><em>ordinandis</em></span> <span class='ocrx_word' id='word_1_75' title='bbox 1056 1467 1153 1533; x_wconf 82' lang='lat' dir='ltr'><em>Asiae</em></span> <span class='ocrx_word' id='word_1_76' title='bbox 1184 1468 1386 1548; x_wconf 82' lang='lat' dir='ltr'><em>Orientisque</em></span> <span class='ocrx_word' id='word_1_77' title='bbox 1412 1467 1502 1534; x_wconf 81' lang='lat' dir='ltr'><em>rebus</em></span> 
     </span>
     <span class='ocr_line' id='line_1_11' title="bbox 333 1570 1501 1656; baseline -0.003 -18"><span class='ocrx_word' id='word_1_78' title='bbox 333 1571 450 1638; x_wconf 75' lang='lat' dir='ltr'><em>Cumas</em></span> <span class='ocrx_word' id='word_1_79' title='bbox 472 1571 720 1652; x_wconf 88' lang='lat' dir='ltr'><em>reducendum,</em></span> <span class='ocrx_word' id='word_1_80' title='bbox 743 1571 834 1656; x_wconf 88' lang='lat' dir='ltr'><em>quod</em></span> <span class='ocrx_word' id='word_1_81' title='bbox 856 1571 1001 1636; x_wconf 82' lang='lat' dir='ltr'><em>Heinsio</em></span> <span class='ocrx_word' id='word_1_82' title='bbox 1025 1571 1206 1636; x_wconf 80' lang='lat' dir='ltr'>obsecutus</span> <span class='ocrx_word' id='word_1_83' title='bbox 1230 1570 1395 1655; x_wconf 81' lang='lat' dir='ltr'><em>expunxit</em></span> <span class='ocrx_word' id='word_1_84' title='bbox 1416 1570 1501 1635; x_wconf 90' lang='lat' dir='ltr'><em>Hal-</em></span> 
     </span>
     <span class='ocr_line' id='line_1_12' title="bbox 326 1673 1501 1758; baseline 0 -20"><span class='ocrx_word' id='word_1_85' title='bbox 326 1675 415 1740; x_wconf 91' lang='lat' dir='ltr'><em>mius</em></span> <span class='ocrx_word' id='word_1_86' title='bbox 437 1673 492 1739; x_wconf 90' lang='lat' dir='ltr'><em>in:</em></span> <span class='ocrx_word' id='word_1_87' title='bbox 520 1676 572 1738; x_wconf 89' lang='lat' dir='ltr'><em>est</em></span> <span class='ocrx_word' id='word_1_88' title='bbox 594 1673 683 1737; x_wconf 90' lang='lat' dir='ltr'><em>enim</em></span> <span class='ocrx_word' id='word_1_89' title='bbox 705 1673 847 1757; x_wconf 89' lang='lat' dir='ltr'><em>perinde</em></span> <span class='ocrx_word' id='word_1_90' title='bbox 870 1673 1001 1738; x_wconf 88' lang='lat' dir='ltr'><em>dictum</em></span> <span class='ocrx_word' id='word_1_91' title='bbox 1023 1675 1124 1758; x_wconf 90' lang='lat' dir='ltr'><em>atque</em></span> <span class='ocrx_word' id='word_1_92' title='bbox 1147 1674 1239 1753; x_wconf 79' lang='lat' dir='ltr'><em>,dum</em></span> <span class='ocrx_word' id='word_1_93' title='bbox 1263 1673 1421 1753; x_wconf 70' lang='lat' dir='ltr'><em>ordinat,</em></span> <span class='ocrx_word' id='word_1_94' title='bbox 1447 1674 1501 1738; x_wconf 91' lang='lat' dir='ltr'><em>vel</em></span> 
     </span>
     <span class='ocr_line' id='line_1_13' title="bbox 327 1775 856 1860; baseline -0.002 -19"><span class='ocrx_word' id='word_1_95' title='bbox 327 1779 526 1860; x_wconf 82' lang='lat' dir='ltr'><em>‚occupatus</em></span> <span class='ocrx_word' id='word_1_96' title='bbox 549 1776 585 1839; x_wconf 88' lang='lat' dir='ltr'><em>iu</em></span> <span class='ocrx_word' id='word_1_97' title='bbox 609 1775 821 1840; x_wconf 89' lang='lat' dir='ltr'><em>ordinando‘.</em></span> <span class='ocrx_word' id='word_1_98' title='bbox 832 1776 856 1850; x_wconf 90' lang='lat'><em>¹)</em></span> 
     </span>
    </p>
   </div>
   <div class='ocr_carea' id='block_1_6' title="bbox 326 1893 1500 2082">
    <p class='ocr_par' dir='ltr' id='par_1_6' title="bbox 326 1893 1500 2082">
     <span class='ocr_line' id='line_1_14' title="bbox 411 1893 1500 1979; baseline -0.001 -18"><span class='ocrx_word' id='word_1_99' title='bbox 411 1897 532 1979; x_wconf 87' lang='lat' dir='ltr'><em>Aeque</em></span> <span class='ocrx_word' id='word_1_100' title='bbox 547 1893 582 1958; x_wconf 93' lang='lat' dir='ltr'><em>Il</em></span> <span class='ocrx_word' id='word_1_101' title='bbox 601 1898 671 1973; x_wconf 80' lang='lat'>105,</span> <span class='ocrx_word' id='word_1_102' title='bbox 687 1899 706 1959; x_wconf 94' lang='grc'>2</span> <span class='ocrx_word' id='word_1_103' title='bbox 731 1894 880 1959; x_wconf 83' lang='lat' dir='ltr'><em>..uirum</em></span> <span class='ocrx_word' id='word_1_104' title='bbox 901 1894 1103 1976; x_wconf 82' lang='lat' dir='ltr'><em>multiplicem</em></span> <span class='ocrx_word' id='word_1_105' title='bbox 1117 1895 1154 1959; x_wconf 94' lang='lat' dir='ltr'><em>in</em></span> <span class='ocrx_word' id='word_1_106' title='bbox 1170 1893 1341 1960; x_wconf 73' lang='lat' dir='ltr'><em>uirtrotdtus</em></span> <span class='ocrx_word' id='word_1_107' title='bbox 1363 1897 1500 1960; x_wconf 88' lang='lat' dir='ltr'><em>auctore</em></span> 
     </span>
     <span class='ocr_line' id='line_1_15' title="bbox 326 1995 1500 2082; baseline 0 -20"><span class='ocrx_word' id='word_1_108' title='bbox 326 1996 561 2082; x_wconf 85' lang='lat' dir='ltr'><em>Rapheleugic</em></span> <span class='ocrx_word' id='word_1_109' title='bbox 593 1997 636 2061; x_wconf 89' lang='lat' dir='ltr'><em>ab</em></span> <span class='ocrx_word' id='word_1_110' title='bbox 659 1995 799 2061; x_wconf 86' lang='lat' dir='ltr'><em>Halmio</em></span> <span class='ocrx_word' id='word_1_111' title='bbox 832 1998 871 2060; x_wconf 90' lang='lat' dir='ltr'><em>ut</em></span> <span class='ocrx_word' id='word_1_112' title='bbox 904 1996 981 2060; x_wconf 89' lang='lat' dir='ltr'><em>aliis</em></span> <span class='ocrx_word' id='word_1_113' title='bbox 1015 1996 1132 2062; x_wconf 83' lang='lat' dir='ltr'><em>maltis</em></span> <span class='ocrx_word' id='word_1_114' title='bbox 1160 1997 1308 2061; x_wconf 89' lang='lat' dir='ltr'><em>deletum</em></span> <span class='ocrx_word' id='word_1_115' title='bbox 1335 1996 1372 2061; x_wconf 97' lang='lat' dir='ltr'><em>in</em></span> <span class='ocrx_word' id='word_1_116' title='bbox 1402 2016 1500 2062; x_wconf 89' lang='lat' dir='ltr'><em>suam</em></span> 
     </span>
    </p>
   </div>
   <div class='ocr_carea' id='block_1_7' title="bbox 325 2099 1500 2286">
    <p class='ocr_par' dir='ltr' id='par_1_7' title="bbox 325 2099 1500 2286">
     <span class='ocr_line' id='line_1_16' title="bbox 327 2099 1500 2184; baseline 0 -20"><span class='ocrx_word' id='word_1_117' title='bbox 327 2099 588 2184; x_wconf 80' lang='lat' dir='ltr'><em>explicationem</em></span> <span class='ocrx_word' id='word_1_118' title='bbox 621 2099 739 2164; x_wconf 89' lang='lat' dir='ltr'><em>habet:</em></span> <span class='ocrx_word' id='word_1_119' title='bbox 774 2099 891 2163; x_wconf 87' lang='lat' dir='ltr'><em>docuit</em></span> <span class='ocrx_word' id='word_1_120' title='bbox 912 2099 1068 2163; x_wconf 88' lang='lat' dir='ltr'><em>Kritzins</em></span> <span class='ocrx_word' id='word_1_121' title='bbox 1098 2099 1261 2183; x_wconf 87' lang='lat' dir='ltr'><em>exemplis</em></span> <span class='ocrx_word' id='word_1_122' title='bbox 1295 2100 1338 2164; x_wconf 93' lang='lat' dir='ltr'><em>ab</em></span> <span class='ocrx_word' id='word_1_123' title='bbox 1361 2099 1500 2165; x_wconf 89' lang='lat' dir='ltr'><em>Handio</em></span> 
     </span>
     <span class='ocr_line' id='line_1_17' title="bbox 325 2200 1264 2286; baseline -0.002 -20"><span class='ocrx_word' id='word_1_124' title='bbox 325 2201 441 2286; x_wconf 89' lang='lat' dir='ltr'><em>petitis</em></span> <span class='ocrx_word' id='word_1_125' title='bbox 465 2200 609 2281; x_wconf 73' lang='lat' dir='ltr'><em>Quintil.</em></span> <span class='ocrx_word' id='word_1_126' title='bbox 632 2201 716 2266; x_wconf 89' lang='lat' dir='ltr'><em>Iust.</em></span> <span class='ocrx_word' id='word_1_127' title='bbox 740 2219 789 2265; x_wconf 90' lang='lat' dir='ltr'><em>cr.</em></span> <span class='ocrx_word' id='word_1_128' title='bbox 813 2201 865 2264; x_wconf 81' lang='lat' dir='ltr'><em>IX</em></span> <span class='ocrx_word' id='word_1_129' title='bbox 888 2204 917 2278; x_wconf 82' lang='lat'><em>4,</em></span> <span class='ocrx_word' id='word_1_130' title='bbox 943 2204 1013 2266; x_wconf 90' lang='grc'><strong>138.</strong></span> <span class='ocrx_word' id='word_1_131' title='bbox 1047 2200 1118 2265; x_wconf 90' lang='grc' dir='ltr'><em>ΧΠ</em></span> <span class='ocrx_word' id='word_1_132' title='bbox 1143 2205 1191 2276; x_wconf 87' lang='grc'><em>10,</em></span> <span class='ocrx_word' id='word_1_133' title='bbox 1218 2205 1264 2266; x_wconf 94' lang='grc'><em>12.</em></span> 
     </span>
    </p>
   </div>
   <div class='ocr_carea' id='block_1_8' title="bbox 324 2319 1502 4056">
    <p class='ocr_par' dir='ltr' id='par_1_8' title="bbox 325 2319 1502 3220">
     <span class='ocr_line' id='line_1_18' title="bbox 413 2319 1500 2403; baseline 0 -18"><span class='ocrx_word' id='word_1_134' title='bbox 413 2320 448 2385; x_wconf 91' lang='grc' dir='ltr'><em>ΙΙ</em></span> <span class='ocrx_word' id='word_1_135' title='bbox 472 2323 523 2399; x_wconf 86' lang='grc'><em>33,</em></span> <span class='ocrx_word' id='word_1_136' title='bbox 547 2324 566 2384; x_wconf 96' lang='grc'>2</span> <span class='ocrx_word' id='word_1_137' title='bbox 590 2340 736 2384; x_wconf 91' lang='lat' dir='ltr'><em>...cum</em></span> <span class='ocrx_word' id='word_1_138' title='bbox 765 2319 934 2402; x_wconf 82' lang='lat' dir='ltr'><em>Pompeius</em></span> <span class='ocrx_word' id='word_1_139' title='bbox 966 2319 1101 2384; x_wconf 80' lang='lat' dir='ltr'><em>[mendo</em></span> <span class='ocrx_word' id='word_1_140' title='bbox 1133 2319 1307 2403; x_wconf 82' lang='lat' dir='ltr'><em>infamium</em></span> <span class='ocrx_word' id='word_1_141' title='bbox 1333 2321 1500 2402; x_wconf 79' lang='lat' dir='ltr'><em>perimine,</em></span> 
     </span>
     <span class='ocr_line' id='line_1_19' title="bbox 326 2420 1500 2504; baseline 0.002 -18"><span class='ocrx_word' id='word_1_142' title='bbox 326 2421 483 2486; x_wconf 81' lang='lat' dir='ltr'><em>Inmullus</em></span> <span class='ocrx_word' id='word_1_143' title='bbox 505 2420 651 2502; x_wconf 81' lang='lat' dir='ltr'><em>Pompeio</em></span> <span class='ocrx_word' id='word_1_144' title='bbox 681 2421 927 2486; x_wconf 76' lang='lat' dir='ltr'><em>interminatam</em></span> <span class='ocrx_word' id='word_1_145' title='bbox 959 2421 1164 2503; x_wconf 76' lang='lat' dir='ltr'><em>cupiditatem</em></span> <span class='ocrx_word' id='word_1_146' title='bbox 1196 2421 1337 2486; x_wconf 84' lang='lat' dir='ltr'><em>obiiceret</em></span> <span class='ocrx_word' id='word_1_147' title='bbox 1362 2422 1500 2504; x_wconf 79' lang='lat' dir='ltr'><em>imperii,</em></span> 
     </span>
     <span class='ocr_line' id='line_1_20' title="bbox 325 2523 1502 2607; baseline 0 -17"><span class='ocrx_word' id='word_1_148' title='bbox 325 2529 500 2605; x_wconf 79' lang='lat' dir='ltr'><em>neuterque</em></span> <span class='ocrx_word' id='word_1_149' title='bbox 525 2523 563 2588; x_wconf 83' lang='lat' dir='ltr'><em>ab</em></span> <span class='ocrx_word' id='word_1_150' title='bbox 593 2523 690 2588; x_wconf 82' lang='lat' dir='ltr'><em>altero</em></span> <span class='ocrx_word' id='word_1_151' title='bbox 720 2524 803 2605; x_wconf 79' lang='lat' dir='ltr'><em>quod</em></span> <span class='ocrx_word' id='word_1_152' title='bbox 832 2523 985 2607; x_wconf 69' lang='lat' dir='ltr'><em>urmiedat</em></span> <span class='ocrx_word' id='word_1_153' title='bbox 1008 2525 1161 2589; x_wconf 86' lang='lat' dir='ltr'><em>mentitus</em></span> <span class='ocrx_word' id='word_1_154' title='bbox 1188 2524 1285 2607; x_wconf 68' lang='lat' dir='ltr'><em>arqui</em></span> <span class='ocrx_word' id='word_1_155' title='bbox 1299 2529 1411 2606; x_wconf 71' lang='lat' dir='ltr'><em>posset,</em></span> <span class='ocrx_word' id='word_1_156' title='bbox 1455 2525 1502 2591; x_wconf 88' lang='lat' dir='ltr'><em>Ad</em></span> 
     </span>
     <span class='ocr_line' id='line_1_21' title="bbox 327 2625 1500 2711; baseline 0.002 -20"><span class='ocrx_word' id='word_1_157' title='bbox 327 2625 424 2691; x_wconf 81' lang='lat' dir='ltr'><em>attero</em></span> <span class='ocrx_word' id='word_1_158' title='bbox 447 2626 533 2706; x_wconf 84' lang='lat' dir='ltr'><em>quod</em></span> <span class='ocrx_word' id='word_1_159' title='bbox 554 2625 706 2709; x_wconf 78' lang='lat' dir='ltr'><em>arpudat</em></span> <span class='ocrx_word' id='word_1_160' title='bbox 727 2626 960 2690; x_wconf 88' lang='lat' dir='ltr'><em>aBurmannc</em></span> <span class='ocrx_word' id='word_1_161' title='bbox 976 2627 1125 2711; x_wconf 89' lang='lat' dir='ltr'><em>sumpsit</em></span> <span class='ocrx_word' id='word_1_162' title='bbox 1139 2626 1263 2691; x_wconf 89' lang='lat' dir='ltr'><em>editor:</em></span> <span class='ocrx_word' id='word_1_163' title='bbox 1286 2627 1415 2692; x_wconf 89' lang='lat' dir='ltr'><em>habent</em></span> <span class='ocrx_word' id='word_1_164' title='bbox 1428 2628 1500 2693; x_wconf 90' lang='grc' dir='ltr'><em>ΑΡ</em></span> 
     </span>
     <span class='ocr_line' id='line_1_22' title="bbox 326 2727 1502 2813; baseline 0.002 -21"><span class='ocrx_word' id='word_1_165' title='bbox 326 2728 363 2792; x_wconf 84' lang='lat' dir='ltr'><em>ud</em></span> <span class='ocrx_word' id='word_1_166' title='bbox 385 2749 433 2808; x_wconf 88' lang='lat' dir='ltr'><em>eo,</em></span> <span class='ocrx_word' id='word_1_167' title='bbox 472 2727 555 2809; x_wconf 80' lang='lat' dir='ltr'><em>quod</em></span> <span class='ocrx_word' id='word_1_168' title='bbox 587 2727 789 2810; x_wconf 70' lang='lat' dir='ltr'><em>orooaomo,</em></span> <span class='ocrx_word' id='word_1_169' title='bbox 822 2748 926 2813; x_wconf 88' lang='lat' dir='ltr'><em>quarn</em></span> <span class='ocrx_word' id='word_1_170' title='bbox 961 2727 1142 2793; x_wconf 88' lang='lat' dir='ltr'><em>lectionem</em></span> <span class='ocrx_word' id='word_1_171' title='bbox 1176 2749 1254 2794; x_wconf 90' lang='lat' dir='ltr'><em>cum</em></span> <span class='ocrx_word' id='word_1_172' title='bbox 1287 2729 1380 2794; x_wconf 91' lang='lat' dir='ltr'><em>haud</em></span> <span class='ocrx_word' id='word_1_173' title='bbox 1413 2729 1502 2794; x_wconf 91' lang='lat' dir='ltr'><em>male</em></span> 
     </span>
     <span class='ocr_line' id='line_1_23' title="bbox 326 2828 1501 2915; baseline 0.002 -21"><span class='ocrx_word' id='word_1_174' title='bbox 326 2832 463 2895; x_wconf 89' lang='lat' dir='ltr'><em>tueatur</em></span> <span class='ocrx_word' id='word_1_175' title='bbox 486 2828 712 2914; x_wconf 87' lang='lat' dir='ltr'><em>Schcepferus</em></span> <span class='ocrx_word' id='word_1_176' title='bbox 735 2829 773 2894; x_wconf 76' lang='lat' dir='ltr'><em>ul&gt;</em></span> <span class='ocrx_word' id='word_1_177' title='bbox 794 2850 827 2894; x_wconf 90' lang='lat' dir='ltr'><em>eo</em></span> <span class='ocrx_word' id='word_1_178' title='bbox 848 2829 931 2910; x_wconf 80' lang='lat' dir='ltr'><em>quod</em></span> <span class='ocrx_word' id='word_1_179' title='bbox 952 2849 1015 2915; x_wconf 90' lang='lat' dir='ltr'><em>pro</em></span> <span class='ocrx_word' id='word_1_180' title='bbox 1038 2831 1120 2911; x_wconf 80' lang='lat' dir='ltr'><em>quod</em></span> <span class='ocrx_word' id='word_1_181' title='bbox 1142 2829 1179 2894; x_wconf 84' lang='lat' dir='ltr'><em>ui</em></span> <span class='ocrx_word' id='word_1_182' title='bbox 1200 2851 1233 2895; x_wconf 90' lang='lat' dir='ltr'><em>eo</em></span> <span class='ocrx_word' id='word_1_183' title='bbox 1255 2830 1385 2896; x_wconf 89' lang='lat' dir='ltr'><em>dictum</em></span> <span class='ocrx_word' id='word_1_184' title='bbox 1411 2832 1501 2898; x_wconf 93' lang='lat' dir='ltr'><em>arbi-</em></span> 
     </span>
     <span class='ocr_line' id='line_1_24' title="bbox 325 2923 1501 3019; baseline 0 -21"><span class='ocrx_word' id='word_1_185' title='bbox 325 2936 432 3012; x_wconf 87' lang='lat' dir='ltr'><em>trans,</em></span> <span class='ocrx_word' id='word_1_186' title='bbox 455 2923 578 2996; x_wconf 86' lang='lat' dir='ltr'><em>melius</em></span> <span class='ocrx_word' id='word_1_187' title='bbox 593 2930 741 2997; x_wconf 85' lang='lat' dir='ltr'><em>forsitan</em></span> <span class='ocrx_word' id='word_1_188' title='bbox 756 2935 872 2997; x_wconf 88' lang='lat' dir='ltr'><em>tueare</em></span> <span class='ocrx_word' id='word_1_189' title='bbox 887 2935 1021 2998; x_wconf 86' lang='lat' dir='ltr'><em>vertens</em></span> <span class='ocrx_word' id='word_1_190' title='bbox 1046 2933 1091 3012; x_wconf 91' lang='lat' dir='ltr'><em>,in</em></span> <span class='ocrx_word' id='word_1_191' title='bbox 1105 2931 1223 3017; x_wconf 84' lang='lat' dir='ltr'><em>Bezug</em></span> <span class='ocrx_word' id='word_1_192' title='bbox 1238 2931 1300 2997; x_wconf 88' lang='lat' dir='ltr'><em>auf</em></span> <span class='ocrx_word' id='word_1_193' title='bbox 1315 2933 1501 3019; x_wconf 85' lang='lat' dir='ltr'><em>dasjenige,</em></span> 
     </span>
     <span class='ocr_line' id='line_1_25' title="bbox 326 3033 1500 3119; baseline 0.003 -22"><span class='ocrx_word' id='word_1_194' title='bbox 326 3053 398 3100; x_wconf 61' lang='lat' dir='ltr'><em>uvas</em></span> <span class='ocrx_word' id='word_1_195' title='bbox 422 3033 645 3119; x_wconf 83' lang='lat' dir='ltr'><em>Gegenstand</em></span> <span class='ocrx_word' id='word_1_196' title='bbox 667 3035 727 3098; x_wconf 91' lang='lat' dir='ltr'><em>der</em></span> <span class='ocrx_word' id='word_1_197' title='bbox 748 3033 1040 3119; x_wconf 84' lang='lat' dir='ltr'><em>Anschuldigung</em></span> <span class='ocrx_word' id='word_1_198' title='bbox 1061 3039 1154 3100; x_wconf 88' lang='lat' dir='ltr'><em>war‘.</em></span> <span class='ocrx_word' id='word_1_199' title='bbox 1190 3033 1258 3100; x_wconf 83' lang='lat' dir='ltr'><em>Ofr.</em></span> <span class='ocrx_word' id='word_1_200' title='bbox 1282 3034 1318 3098; x_wconf 91' lang='grc' dir='ltr'><em>ΙΙ</em></span> <span class='ocrx_word' id='word_1_201' title='bbox 1339 3038 1426 3115; x_wconf 82' lang='grc'><strong>45,5</strong></span> <span class='ocrx_word' id='word_1_202' title='bbox 1449 3035 1500 3101; x_wconf 94' lang='lat' dir='ltr'><em>in-</em></span> 
     </span>
     <span class='ocr_line' id='line_1_26' title="bbox 326 3135 919 3220; baseline -0.003 -20"><span class='ocrx_word' id='word_1_203' title='bbox 326 3135 462 3202; x_wconf 86' lang='lat' dir='ltr'><em>solentia</em></span> <span class='ocrx_word' id='word_1_204' title='bbox 479 3155 585 3217; x_wconf 78' lang='lat' dir='ltr'><em>paene</em></span> <span class='ocrx_word' id='word_1_205' title='bbox 606 3135 703 3218; x_wconf 72' lang='lat' dir='ltr'><em>arqui</em></span> <span class='ocrx_word' id='word_1_206' title='bbox 718 3140 827 3216; x_wconf 79' lang='lat' dir='ltr'><em>potest,</em></span> <span class='ocrx_word' id='word_1_207' title='bbox 851 3155 919 3220; x_wconf 89' lang='lat' dir='ltr'><em>eqs.</em></span> 
     </span>
    </p>

    <p class='ocr_par' dir='ltr' id='par_1_9' title="bbox 324 3253 1501 4056">
     <span class='ocr_line' id='line_1_27' title="bbox 410 3253 1501 3341; baseline 0.003 -22"><span class='ocrx_word' id='word_1_208' title='bbox 410 3255 446 3319; x_wconf 95' lang='grc' dir='ltr'><em>ΙΙ</em></span> <span class='ocrx_word' id='word_1_209' title='bbox 469 3258 520 3334; x_wconf 88' lang='grc'><em>41,</em></span> <span class='ocrx_word' id='word_1_210' title='bbox 546 3261 561 3318; x_wconf 94' lang='grc'><em>1</em></span> <span class='ocrx_word' id='word_1_211' title='bbox 586 3254 636 3319; x_wconf 82' lang='lat' dir='ltr'><em>liic</em></span> <span class='ocrx_word' id='word_1_212' title='bbox 659 3254 718 3338; x_wconf 89' lang='lat' dir='ltr'><em>[sc.</em></span> <span class='ocrx_word' id='word_1_213' title='bbox 744 3253 883 3338; x_wconf 82' lang='lat' dir='ltr'><em>Caesar]</em></span> <span class='ocrx_word' id='word_1_214' title='bbox 906 3254 1100 3320; x_wconf 80' lang='lat' dir='ltr'><em>nobilissima</em></span> <span class='ocrx_word' id='word_1_215' title='bbox 1121 3255 1283 3320; x_wconf 83' lang='lat' dir='ltr'><em>Iuliorum</em></span> <span class='ocrx_word' id='word_1_216' title='bbox 1302 3256 1430 3340; x_wconf 74' lang='lat' dir='ltr'><em>penitis</em></span> <span class='ocrx_word' id='word_1_217' title='bbox 1450 3257 1501 3341; x_wconf 86' lang='lat' dir='ltr'><em>fa·</em></span> 
     </span>
     <span class='ocr_line' id='line_1_28' title="bbox 324 3355 1499 3440; baseline 0.002 -18"><span class='ocrx_word' id='word_1_218' title='bbox 324 3357 417 3422; x_wconf 84' lang='lat' dir='ltr'><em>milia</em></span> <span class='ocrx_word' id='word_1_219' title='bbox 438 3361 482 3438; x_wconf 88' lang='lat' dir='ltr'><em>et,</em></span> <span class='ocrx_word' id='word_1_220' title='bbox 512 3357 596 3438; x_wconf 79' lang='lat' dir='ltr'><em>quod</em></span> <span class='ocrx_word' id='word_1_221' title='bbox 621 3355 708 3420; x_wconf 82' lang='lat' dir='ltr'><em>inter</em></span> <span class='ocrx_word' id='word_1_222' title='bbox 729 3357 832 3421; x_wconf 88' lang='lat' dir='ltr'><em>omnis</em></span> <span class='ocrx_word' id='word_1_223' title='bbox 857 3357 1062 3438; x_wconf 79' lang='lat' dir='ltr'><em>antiquitatis</em></span> <span class='ocrx_word' id='word_1_224' title='bbox 1083 3359 1236 3423; x_wconf 88' lang='lat' dir='ltr'><em>studiosos</em></span> <span class='ocrx_word' id='word_1_225' title='bbox 1261 3358 1433 3440; x_wconf 82' lang='lat' dir='ltr'><em>constabat,</em></span> <span class='ocrx_word' id='word_1_226' title='bbox 1461 3359 1499 3424; x_wconf 83' lang='lat' dir='ltr'><em>ab</em></span> 
     </span>
     <span class='ocr_line' id='line_1_29' title="bbox 324 3458 1500 3547; baseline 0.003 -23"><span class='ocrx_word' id='word_1_227' title='bbox 324 3459 463 3524; x_wconf 79' lang='lat' dir='ltr'><em>Anchise</em></span> <span class='ocrx_word' id='word_1_228' title='bbox 486 3478 523 3523; x_wconf 89' lang='lat' dir='ltr'><em>uc</em></span> <span class='ocrx_word' id='word_1_229' title='bbox 546 3458 661 3523; x_wconf 81' lang='lat' dir='ltr'><em>Venere</em></span> <span class='ocrx_word' id='word_1_230' title='bbox 682 3458 837 3523; x_wconf 78' lang='lat' dir='ltr'><em>dedeomm</em></span> <span class='ocrx_word' id='word_1_231' title='bbox 866 3478 980 3541; x_wconf 79' lang='lat' dir='ltr'><em>penus,</em></span> <span class='ocrx_word' id='word_1_232' title='bbox 1010 3479 1078 3544; x_wconf 90' lang='lat' dir='ltr'><em>eqs.</em></span> <span class='ocrx_word' id='word_1_233' title='bbox 1122 3459 1371 3540; x_wconf 78' lang='lat' dir='ltr'><em>Antiquissimos</em></span> <span class='ocrx_word' id='word_1_234' title='bbox 1402 3482 1500 3547; x_wconf 89' lang='lat' dir='ltr'><em>prae-</em></span> 
     </span>
     <span class='ocr_line' id='line_1_30' title="bbox 324 3560 1499 3647; baseline 0.001 -19"><span class='ocrx_word' id='word_1_235' title='bbox 324 3563 486 3628; x_wconf 87' lang='lat' dir='ltr'><em>bentibus</em></span> <span class='ocrx_word' id='word_1_236' title='bbox 503 3561 574 3627; x_wconf 89' lang='lat' dir='ltr'><em>AP</em></span> <span class='ocrx_word' id='word_1_237' title='bbox 589 3560 625 3625; x_wconf 92' lang='lat' dir='ltr'><em>in</em></span> <span class='ocrx_word' id='word_1_238' title='bbox 641 3580 768 3646; x_wconf 83' lang='lat' dir='ltr'><em>magna</em></span> <span class='ocrx_word' id='word_1_239' title='bbox 783 3561 1018 3647; x_wconf 85' lang='lat' dir='ltr'><em>suspicionum</em></span> <span class='ocrx_word' id='word_1_240' title='bbox 1035 3562 1133 3647; x_wconf 88' lang='lat' dir='ltr'><em>copia</em></span> <span class='ocrx_word' id='word_1_241' title='bbox 1155 3563 1362 3644; x_wconf 77' lang='lat' dir='ltr'><em>antiquitatis</em></span> <span class='ocrx_word' id='word_1_242' title='bbox 1382 3564 1499 3629; x_wconf 80' lang='lat' dir='ltr'><em>studio</em></span> 
     </span>
     <span class='ocr_line' id='line_1_31' title="bbox 324 3663 1500 3751; baseline 0.002 -22"><span class='ocrx_word' id='word_1_243' title='bbox 324 3686 372 3729; x_wconf 90' lang='lat' dir='ltr'><em>sos</em></span> <span class='ocrx_word' id='word_1_244' title='bbox 398 3664 508 3748; x_wconf 87' lang='lat' dir='ltr'><em>ipsius</em></span> <span class='ocrx_word' id='word_1_245' title='bbox 538 3665 590 3728; x_wconf 89' lang='lat' dir='ltr'><em>est</em></span> <span class='ocrx_word' id='word_1_246' title='bbox 612 3663 760 3742; x_wconf 80' lang='lat' dir='ltr'><em>Halmii,</em></span> <span class='ocrx_word' id='word_1_247' title='bbox 794 3665 968 3749; x_wconf 87' lang='lat' dir='ltr'><em>optionem</em></span> <span class='ocrx_word' id='word_1_248' title='bbox 990 3665 1095 3730; x_wconf 92' lang='lat' dir='ltr'><em>simul</em></span> <span class='ocrx_word' id='word_1_249' title='bbox 1121 3665 1235 3730; x_wconf 89' lang='lat' dir='ltr'><em>dantis</em></span> <span class='ocrx_word' id='word_1_250' title='bbox 1257 3685 1321 3751; x_wconf 93' lang='lat' dir='ltr'><em>pro</em></span> <span class='ocrx_word' id='word_1_251' title='bbox 1347 3667 1500 3731; x_wconf 89' lang='lat' dir='ltr'><em>studiosos</em></span> 
     </span>
     <span class='ocr_line' id='line_1_32' title="bbox 325 3765 1501 3850; baseline 0.001 -18"><span class='ocrx_word' id='word_1_252' title='bbox 325 3765 499 3832; x_wconf 89' lang='lat' dir='ltr'><em>scribendi</em></span> <span class='ocrx_word' id='word_1_253' title='bbox 532 3765 683 3846; x_wconf 74' lang='lat' dir='ltr'><em>animosos,</em></span> <span class='ocrx_word' id='word_1_254' title='bbox 718 3786 796 3830; x_wconf 91' lang='lat' dir='ltr'><em>cum</em></span> <span class='ocrx_word' id='word_1_255' title='bbox 829 3766 989 3832; x_wconf 89' lang='lat' dir='ltr'><em>similiter</em></span> <span class='ocrx_word' id='word_1_256' title='bbox 1021 3767 1228 3848; x_wconf 76' lang='lat' dir='ltr'><em>antiquitatis</em></span> <span class='ocrx_word' id='word_1_257' title='bbox 1248 3767 1368 3850; x_wconf 71' lang='lat' dir='ltr'><em>unitos</em></span> <span class='ocrx_word' id='word_1_258' title='bbox 1401 3771 1501 3834; x_wconf 91' lang='lat' dir='ltr'><em>antea</em></span> 
     </span>
     <span class='ocr_line' id='line_1_33' title="bbox 325 3865 1501 3952; baseline 0.002 -19"><span class='ocrx_word' id='word_1_259' title='bbox 325 3867 522 3952; x_wconf 86' lang='lat' dir='ltr'><em>scripsisset</em></span> <span class='ocrx_word' id='word_1_260' title='bbox 535 3865 693 3932; x_wconf 88' lang='lat' dir='ltr'><em>Orellius.</em></span> <span class='ocrx_word' id='word_1_261' title='bbox 723 3866 820 3948; x_wconf 78' lang='lat' dir='ltr'><em>Quae</em></span> <span class='ocrx_word' id='word_1_262' title='bbox 833 3868 891 3932; x_wconf 87' lang='lat' dir='ltr'><em>via</em></span> <span class='ocrx_word' id='word_1_263' title='bbox 906 3869 937 3934; x_wconf 89' lang='lat' dir='ltr'><em>si</em></span> <span class='ocrx_word' id='word_1_264' title='bbox 950 3869 1165 3952; x_wconf 90' lang='lat' dir='ltr'><em>probaretur,</em></span> <span class='ocrx_word' id='word_1_265' title='bbox 1180 3868 1501 3952; x_wconf 59' lang='lat' dir='ltr'><em>antiquissimorum</em></span> 
     </span>
     <span class='ocr_line' id='line_1_34' title="bbox 324 3969 1501 4056; baseline 0.002 -21"><span class='ocrx_word' id='word_1_266' title='bbox 324 3970 414 4035; x_wconf 87' lang='grc'><strong>11111111</strong></span> <span class='ocrx_word' id='word_1_267' title='bbox 429 3969 564 4054; x_wconf 74' lang='lat' dir='ltr'><em>irasci&gt;es</em></span> <span class='ocrx_word' id='word_1_268' title='bbox 583 3969 665 4051; x_wconf 91' lang='lat' dir='ltr'><em>(non</em></span> <span class='ocrx_word' id='word_1_269' title='bbox 678 3969 827 4056; x_wconf 77' lang='lat' dir='ltr'><em>insci&gt;os)</em></span> <span class='ocrx_word' id='word_1_270' title='bbox 841 4008 884 4017; x_wconf 95' lang='lat'>—</span> <span class='ocrx_word' id='word_1_271' title='bbox 899 3969 958 4036; x_wconf 86' lang='lat' dir='ltr'><em>cfr.</em></span> <span class='ocrx_word' id='word_1_272' title='bbox 976 3970 1074 4036; x_wconf 88' lang='lat' dir='ltr'><em>Ovid.</em></span> <span class='ocrx_word' id='word_1_273' title='bbox 1091 3971 1229 4036; x_wconf 87' lang='lat' dir='ltr'><em>Metam.</em></span> <span class='ocrx_word' id='word_1_274' title='bbox 1245 3971 1312 4036; x_wconf 88' lang='lat' dir='ltr'><em>XV</em></span> <span class='ocrx_word' id='word_1_275' title='bbox 1329 3976 1364 4036; x_wconf 92' lang='grc'><em>11</em></span> <span class='ocrx_word' id='word_1_276' title='bbox 1390 3973 1501 4038; x_wconf 76' lang='lat' dir='ltr'><em>ueiens</em></span> 
     </span>
    </p>
   </div>
   <div class='ocr_carea' id='block_1_9' title="bbox 325 4171 1501 4327">
    <p class='ocr_par' dir='ltr' id='par_1_10' title="bbox 325 4171 1501 4327">
     <span class='ocr_line' id='line_1_35' title="bbox 410 4171 1500 4244; baseline 0.003 -18"><span class='ocrx_word' id='word_1_277' title='bbox 410 4173 429 4240; x_wconf 83' lang='lat'><em>1)</em></span> <span class='ocrx_word' id='word_1_278' title='bbox 448 4171 506 4226; x_wconf 84' lang='lat' dir='ltr'><em>en.</em></span> <span class='ocrx_word' id='word_1_279' title='bbox 523 4172 644 4227; x_wconf 86' lang='lat' dir='ltr'><em>Vahleni</em></span> <span class='ocrx_word' id='word_1_280' title='bbox 662 4172 694 4227; x_wconf 88' lang='lat' dir='ltr'><em>de</em></span> <span class='ocrx_word' id='word_1_281' title='bbox 711 4172 808 4227; x_wconf 87' lang='lat' dir='ltr'><em>Plauti</em></span> <span class='ocrx_word' id='word_1_282' title='bbox 825 4173 906 4228; x_wconf 86' lang='lat' dir='ltr'><em>Mers.</em></span> <span class='ocrx_word' id='word_1_283' title='bbox 926 4173 975 4226; x_wconf 80' lang='lat'><em>105</em></span> <span class='ocrx_word' id='word_1_284' title='bbox 993 4173 1152 4242; x_wconf 74' lang='lat' dir='ltr'><em>disputatio,</em></span> <span class='ocrx_word' id='word_1_285' title='bbox 1169 4174 1287 4228; x_wconf 87' lang='lat' dir='ltr'><em>Hermes</em></span> <span class='ocrx_word' id='word_1_286' title='bbox 1299 4175 1388 4229; x_wconf 85' lang='lat' dir='ltr'>XVII</span> <span class='ocrx_word' id='word_1_287' title='bbox 1405 4193 1430 4244; x_wconf 92' lang='lat' dir='ltr'><em>p.</em></span> <span class='ocrx_word' id='word_1_288' title='bbox 1441 4177 1500 4242; x_wconf 78' lang='lat'>596,</span> 
     </span>
     <span class='ocr_line' id='line_1_36' title="bbox 325 4256 1501 4327; baseline 0.002 -15"><span class='ocrx_word' id='word_1_289' title='bbox 325 4256 424 4326; x_wconf 87' lang='lat' dir='ltr'><em>quique</em></span> <span class='ocrx_word' id='word_1_290' title='bbox 442 4257 481 4312; x_wconf 89' lang='lat' dir='ltr'><em>ibi</em></span> <span class='ocrx_word' id='word_1_291' title='bbox 501 4257 631 4311; x_wconf 88' lang='lat' dir='ltr'><em>laudatur</em></span> <span class='ocrx_word' id='word_1_292' title='bbox 649 4258 747 4311; x_wconf 79' lang='lat' dir='ltr'><em>Manno</em></span> <span class='ocrx_word' id='word_1_293' title='bbox 765 4259 800 4312; x_wconf 87' lang='lat' dir='ltr'><em>ad</em></span> <span class='ocrx_word' id='word_1_294' title='bbox 817 4258 898 4313; x_wconf 84' lang='lat' dir='ltr'><em>Lacr.</em></span> <span class='ocrx_word' id='word_1_295' title='bbox 916 4259 959 4312; x_wconf 90' lang='lat' dir='ltr'><em>VI</em></span> <span class='ocrx_word' id='word_1_296' title='bbox 977 4261 1036 4313; x_wconf 87' lang='lat'><strong>333.</strong></span> <span class='ocrx_word' id='word_1_297' title='bbox 1071 4258 1202 4312; x_wconf 82' lang='lat' dir='ltr'><em>Fortasse</em></span> <span class='ocrx_word' id='word_1_298' title='bbox 1219 4263 1312 4327; x_wconf 84' lang='lat' dir='ltr'><em>potest</em></span> <span class='ocrx_word' id='word_1_299' title='bbox 1329 4259 1414 4314; x_wconf 87' lang='lat' dir='ltr'><em>etiam</em></span> <span class='ocrx_word' id='word_1_300' title='bbox 1432 4277 1501 4314; x_wconf 90' lang='lat' dir='ltr'><em>com·</em></span> 
     </span>
    </p>
   </div>
   <div class='ocr_carea' id='block_1_10' title="bbox 322 4341 1497 4482">
    <p class='ocr_par' dir='ltr' id='par_1_11' title="bbox 322 4341 1497 4482">
     <span class='ocr_line' id='line_1_37' title="bbox 322 4341 1497 4414; baseline 0.003 -18"><span class='ocrx_word' id='word_1_301' title='bbox 322 4342 416 4412; x_wconf 87' lang='lat' dir='ltr'><em>parari</em></span> <span class='ocrx_word' id='word_1_302' title='bbox 432 4343 511 4397; x_wconf 87' lang='lat' dir='ltr'><em>velut</em></span> <span class='ocrx_word' id='word_1_303' title='bbox 532 4342 717 4398; x_wconf 86' lang='lat' dir='ltr'><em>Horatianum</em></span> <span class='ocrx_word' id='word_1_304' title='bbox 735 4341 805 4397; x_wconf 90' lang='lat' dir='ltr'><em>illud</em></span> <span class='ocrx_word' id='word_1_305' title='bbox 823 4342 908 4398; x_wconf 75' lang='lat' dir='ltr'><em>Saul</em></span> <span class='ocrx_word' id='word_1_306' title='bbox 926 4345 950 4411; x_wconf 86' lang='grc'><em>9,</em></span> <span class='ocrx_word' id='word_1_307' title='bbox 968 4345 985 4397; x_wconf 92' lang='grc'>2</span> <span class='ocrx_word' id='word_1_308' title='bbox 1002 4342 1100 4398; x_wconf 85' lang='lat' dir='ltr'><em>Nescio</em></span> <span class='ocrx_word' id='word_1_309' title='bbox 1119 4342 1185 4411; x_wconf 80' lang='lat' dir='ltr'><em>quid</em></span> <span class='ocrx_word' id='word_1_310' title='bbox 1202 4343 1339 4399; x_wconf 86' lang='lat' dir='ltr'><em>meditans</em></span> <span class='ocrx_word' id='word_1_311' title='bbox 1349 4361 1497 4414; x_wconf 66' lang='lat' dir='ltr'><em>nucarum,</em></span> 
     </span>
     <span class='ocr_line' id='line_1_38' title="bbox 325 4426 530 4482; baseline 0.005 -1"><span class='ocrx_word' id='word_1_312' title='bbox 325 4430 399 4482; x_wconf 73' lang='lat' dir='ltr'><em>tetam</em></span> <span class='ocrx_word' id='word_1_313' title='bbox 415 4426 447 4482; x_wconf 91' lang='lat' dir='ltr'><em>in</em></span> <span class='ocrx_word' id='word_1_314' title='bbox 465 4427 530 4482; x_wconf 86' lang='lat' dir='ltr'><em>iilis.</em></span> 
     </span>
    </p>
   </div>
   <div class='ocr_carea' id='block_1_11' title="bbox 0 0 1684 5154">
    <p class='ocr_par' dir='ltr' id='par_1_12' title="bbox 0 0 1684 5154">
     <span class='ocr_line' id='line_1_39' title="bbox 0 0 1684 5154; baseline 0 0"><span class='ocrx_word' id='word_1_315' title='bbox 0 0 1684 5154; x_wconf 95' lang='lat' dir='ltr'><em> </em></span> 
     </span>
    </p>
   </div>
  </div>
 </body>
</html>
