3358 5154
796 497 1009 560 ..48-

316 660 496 742 Tenebras,
520 661 646 746 quibus
668 662 754 727 baec
775 682 829 728 res
844 662 1001 727 involuta
1016 666 1076 742 est,
1099 668 1179 749 post
1194 663 1353 730 emissam
1370 665 1491 730 editio·

314 783 391 828 nem
414 762 637 829 Halmianam
659 764 828 830 discutere
849 764 978 830 iudIcio
1002 765 1186 849 adgressus
1209 768 1260 830 est
1280 765 1455 832 Kaiserus.
1470 767 1490 849 ¹)

316 865 423 932 Cuius
456 866 686 950 disputatione
721 885 865 932 excussa
897 869 1084 932 retractare
1112 867 1280 951 quaedam
1302 867 1417 933 visum
1438 871 1491 934 est

314 969 521 1054 pertinentia
544 969 588 1033 ad
611 968 761 1034 calculos
783 969 820 1034 in
854 969 1109 1034 coloniarum
1142 969 1288 1035 tabula
1315 989 1336 1033 a
1359 968 1489 1036 Velleio

314 1073 509 1154 usurpatos.

400 1172 448 1238 Ut
469 1191 640 1237 summam
662 1172 712 1237 rei
732 1173 995 1258 praepriamus,
1018 1192 1132 1238 veram
1158 1173 1363 1258 opinionem,
1385 1193 1487 1259 quam

314 1275 431 1360 posuit
453 1274 601 1360 quidem,
625 1275 684 1340 sed
705 1278 904 1360 persecutus
927 1275 1082 1341 timidius
1105 1279 1157 1338 est
1178 1276 1353 1356 Kaiserus,
1361 1277 1388 1358 ²)
1411 1295 1491 1340 con-

314 1375 528 1442 firmabimus
552 1377 763 1461 argumentis
787 1396 862 1441 eam
883 1377 919 1440 in
941 1376 1061 1442 tabula
1088 1376 1301 1442 coloniarum
1322 1378 1340 1443 I
1365 1382 1490 1444 14—15

316 1478 467 1544 calculos
501 1479 666 1563 adparere
700 1477 918 1544 Catonianos.
970 1480 1085 1563 Atque
1119 1479 1318 1562 gravissimi
1350 1479 1491 1565 quidem

316 1581 479 1646 momenti
495 1584 585 1661 sunt,
609 1600 696 1665 quae
711 1581 753 1646 de
774 1581 793 1646 I
818 1585 866 1661 15,
883 1584 902 1647 3
925 1581 1124 1666 disputavit,
1147 1581 1209 1648 ubi
1223 1580 1294 1647 ΑΡ
1310 1581 1491 1646 lectionem

317 1685 436 1750 contra
450 1684 687 1748 Burmannum
702 1683 842 1768 eiusque
858 1683 1013 1748 adseclas
1029 1680 1186 1748 defendit.
1222 1683 1370 1768 Egregie
1384 1703 1490 1768 porro

316 1785 531 1865 conveniunt,
554 1786 673 1870 quaeI
693 1790 739 1865 14,
756 1791 775 1852 6
797 1786 1046 1870 interpretandi
1061 1785 1175 1870 gratia
1191 1785 1357 1870 exposuit,
1380 1804 1491 1870 neque.

316 1888 464 1967 obstant,
487 1890 526 1952 ut
546 1888 654 1972 probe
676 1887 858 1973 perspexit,
882 1888 897 1950 I
924 1891 972 1966 14,
996 1890 1024 1978 3.
1051 1891 1100 1967 14,
1124 1891 1152 1951 7.

401 1990 476 2054 Iam
498 1989 675 2055 videamus
698 1989 740 2053 de
762 1990 780 2054 I
804 1992 852 2069 15,
876 1994 896 2055 4
919 1987 1025 2054 Cassio
1047 1993 1153 2053 autea
1168 1989 1316 2072 Longino
1338 1994 1367 2054 ai
1384 1988 1491 2055 Seatio

322 2091 454 2157 Octauo
470 2141 476 2154 .
492 2140 498 2153 .
522 2090 699 2156 censalibus
713 2090 905 2156 Fabrateria
927 2092 1060 2156 deducta
1082 2096 1127 2156 est
1148 2090 1261 2156 aliiae
1276 2110 1380 2156 aanor
1392 2091 1492 2175 farrae

316 2197 443 2258 ceratam
469 2193 709 2277 quinquaqinta
744 2193 798 2257 ris.
843 2194 897 2258 Ita
920 2193 1081 2259 Halmius
1105 2214 1182 2258 cum
1205 2194 1355 2260 Krausio
1379 2194 1493 2261 CLIII

316 2296 477 2361 restituto
498 2314 562 2380 pro
586 2292 712 2360 CLVII
734 2294 815 2361 ΑΡ.
861 2294 954 2376 Quid
981 2295 1169 2361 Kaisaros?
1214 2295 1291 2360 Hoc
1317 2315 1386 2360 uno
1413 2295 1491 2361 loco

317 2397 460 2463 Krausii
482 2397 719 2463 emendatione
745 2396 926 2462 lectionem
948 2398 998 2462 ita
1024 2417 1126 2482 posse
1151 2396 1252 2462 facile
1273 2397 1422 2478 restitui,
1453 2401 1494 2462 ut

318 2519 433 2565 aeram
454 2499 706 2564 Varronianam
741 2499 928 2565 habeamus
953 2499 994 2583 [a.
1020 2504 1095 2565 627:
1120 2519 1205 2564 au.
1230 2519 1257 2564 c.
1281 2499 1380 2564 Varr.
1405 2499 1492 2584 630].

316 2603 438 2667 Nonne
460 2620 540 2665 vero
562 2600 673 2666 lenius
696 2601 780 2666 adeo
804 2602 979 2666 emendari
1000 2605 1114 2686 potest
1136 2599 1278 2680 CLIIlI,
1306 2620 1374 2686 quc
1400 2600 1491 2666 facto

318 2724 446 2769 annum
467 2704 699 2769 nanciscimur
721 2709 783 2770 626
807 2704 1032 2789 sollemnique
1059 2704 1287 2769 intercedente
1309 2703 1486 2789 quadrien-

317 2806 376 2871 ni0
384 2806 408 2887 ³)
431 2825 512 2870 aera
534 2806 680 2871 habetur
696 2804 908 2873 Catoniana?
945 2806 1055 2887 1147,
1079 2811 1098 2870 2
1120 2805 1248 2888 septimo
1271 2805 1396 2872 habent
1419 2803 1488 2869 Ar

316 2909 446 2994 pariter
468 2909 511 2974 ab
535 2909 668 2973 numeri
690 2909 789 2993 signo
812 2909 994 2992 repetendo
1015 2928 1139 2987 errore,
1163 2913 1278 2993 quarto
1300 2906 1494 2972 emendavit

318 3010 566 3093 Laurentiusfi)

402 3111 629 3177 Transeamus
652 3112 812 3196 deinceps
835 3112 878 3176 ad
900 3113 918 3176 I
943 3116 991 3192 15,
1014 3115 1032 3178 5
1056 3111 1206 3176 ..Narbo
1228 3115 1333 3176 atatem
1349 3109 1494 3175 Martiis

317 3213 356 3280 ia
393 3212 501 3279 Callia
522 3212 633 3278 Porcio
666 3213 849 3295 Marcioque
881 3213 1058 3279 amicalibus
1090 3213 1204 3278 adhinc
1236 3233 1338 3278 aranos
1369 3212 1494 3277 arator

317 3320 443 3382 aratam
475 3315 694 3400 quadraginta
725 3336 780 3380 sca
812 3316 946 3382 deducta
972 3315 1093 3380 colonia
1115 3321 1166 3380 est.
1188 3319 1257 3397 posi
1277 3314 1494 3398 daodempiati

319 3438 423 3484 aaaas
449 3416 488 3482 ia
509 3417 689 3501 Bagiennis
710 3417 871 3500 Eporedia
893 3417 1002 3482 Mario
1029 3421 1152 3482 seratam
1175 3416 1356 3498 Valeriaqae
1378 3415 1494 3482 Flacco

317 3519 503 3585 consulibus.
549 3520 589 3583 In
623 3519 774 3585 numeris
801 3519 959 3605 LIpsium
990 3520 1119 3605 priore,
1151 3518 1341 3604 posteriore
1362 3519 1493 3584 Aldum

318 3625 454 3688 secutus
483 3623 534 3686 est
561 3619 637 3686 loco
660 3620 833 3701 HalmiuS,
868 3641 946 3687 cum
974 3621 1084 3688 CLIII
1107 3625 1140 3686 et
1160 3621 1284 3685 XXIII
1311 3621 1494 3687 exhibeant

318 3722 399 3788 ΑΡ.
444 3723 610 3788 Kaiserus
639 3743 722 3787 uum
749 3724 998 3789 emendandum
1025 3723 1084 3803 sit,
1119 3723 1262 3790 dubitat.
1309 3724 1418 3803 ,Nam
1440 3723 1492 3787 in-

318 3825 394 3910 quit
410 3823 629 3906 ,tralaticiam
643 3824 823 3890 lectionem
839 3846 917 3891 cum
933 3826 1157 3905 servabimus,
1173 3844 1383 3910 quamquam
1396 3825 1495 3910 prior

318 3945 480 3992 numerus
509 3946 636 3991 annum
664 3928 707 3992 ad
734 3926 843 3993 fastos
870 3926 1068 3993 consulares
1096 3927 1236 3992 minime
1266 3928 1491 4012 quadrantem

318 4027 422 4094 efficit
445 4027 519 4109 (627
533 4049 540 4091 ε
555 4031 640 4110 636),
664 4029 695 4094 si
717 4029 951 4095 addiderimus
974 4029 1209 4109 differentiam,
1233 4047 1321 4113 quae
1336 4029 1372 4094 in
1395 4028 1493 4094 libris

403 4197 791 4266 Chlwsspwm

405 4283 667 4352 Chlpffim

403 4369 882 4439 ³Wmfflmmfflpfflm

405 4455 620 4524 ihlpffi
