3358 5154
682 464 895 528 -25-

196 635 233 700 Π
256 637 307 714 33,
332 637 361 700 3.
387 637 438 714 52,
462 636 491 698 2.
516 636 566 698 60.
592 632 657 714 3,¹)
680 633 755 696 tum
776 631 812 695 II
835 634 887 710 42,
911 629 977 713 3.²)
999 633 1051 709 45,
1077 633 1104 692 1.
1129 631 1180 707 66,
1204 630 1234 694 3.
1259 629 1331 705 102,
1348 630 1376 692 3.

202 741 274 816 121,
301 738 392 800 1-2.

286 856 401 938 Atque
435 853 538 918 etiam
572 851 608 916 ΙΙ
636 857 664 931 7,
687 855 772 918 4-5
807 851 916 918 satius
949 851 1086 916 videtur
1120 847 1378 933 ‚interpositam‘

202 955 496 1021 narratiunculam
514 955 565 1019 ita
579 955 712 1039 saepire
726 953 787 1036 (rei
802 959 912 1019 tantae
923 973 1044 1035 parum
1058 951 1101 1016 ad
1115 950 1264 1016 notitiam
1283 949 1379 1032 perti·

200 1078 281 1124 nens
303 1057 539 1140 interponetur:
561 1056 613 1121 bio
636 1061 681 1122 est
700 1056 854 1139 Opimius,
878 1076 900 1121 a
921 1075 982 1137 quo
1003 1053 1128 1120 romule
1148 1051 1379 1118 celeberimnm

201 1159 273 1225 nini
299 1159 466 1242 Opimiani
491 1179 623 1240 nemen·
655 1160 738 1240 quod
763 1159 831 1224 iam
856 1157 985 1224 nullum
1011 1178 1072 1222 esse
1093 1156 1194 1238 spatio
1215 1174 1379 1220 annorum

204 1262 305 1346 oedipi
327 1265 439 1344 potest,
465 1281 538 1325 eum
565 1260 602 1325 ab
627 1282 661 1326 eo
681 1261 750 1326 sint
770 1261 813 1326 ad
834 1265 876 1341 te,
900 1259 946 1324 M.
971 1258 1090 1337 Vinici,
1117 1256 1274 1322 aemulam
1295 1254 1380 1321 anni

203 1368 330 1429 centum
355 1363 595 1448 quinquaqinta
621 1365 731 1447 unus).
741 1364 768 1447 ³)
812 1363 878 1429 Pro
911 1362 1133 1444 interponetur
1166 1359 1271 1426 dubio
1304 1357 1379 1422 iure

205 1466 296 1551 quod
323 1467 428 1531 edunt
449 1503 492 1518 -
514 1465 677 1530 nimirum
700 1466 782 1550 quia
803 1465 955 1531 Velleius
981 1464 1018 1528 in
1045 1461 1309 1528 transitionibus
1330 1460 1381 1524 ita

202 1568 299 1653 loqui
321 1567 431 1634 soleat
453 1606 508 1648 —,
543 1568 772 1634 Heinsianum
798 1568 1034 1650 interponatur,
1068 1584 1108 1630 eo
1135 1565 1238 1629 etiam
1266 1562 1379 1628 minus

204 1691 295 1736 nuno
317 1689 404 1755 opus
427 1668 539 1735 inerit.

288 1789 473 1854 Enimvero
489 1788 626 1874 saepius
648 1789 852 1854 intermedia
866 1790 973 1874 probe
988 1787 1107 1872 agnita
1122 1807 1143 1852 a
1158 1784 1380 1872 supervacuis

204 1891 452 1956 mutationibus
475 1893 600 1956 arcent.
646 1889 750 1956 Velut
770 1891 806 1955 ΙΙ
831 1897 858 1972 1,
883 1895 901 1957 5
926 1891 1174 1975 distingueret
1194 1888 1380 1971 Pompeium

202 1993 311 2076 aratia
332 1993 531 2076 impunitum
551 1992 672 2072 babuit,
696 1993 892 2059 Mancinum
919 1993 1110 2061 aereaundia
1131 1991 1290 2074 (quippe)
1312 2009 1381 2056 non

204 2096 392 2179 recusando)
409 2095 565 2178 peduait
584 2094 656 2174 bna,
679 2099 740 2160 ut.
757 2144 765 2160 .
782 2145 789 2159 .
806 2097 971 2162 dederetm
991 2097 1137 2176 hostibus,
1161 2079 1382 2180 supersedere

204 2198 334 2282 poteris
367 2198 619 2264 mutationibus
646 2197 818 2283 Madvigii
839 2198 1054 2285 Halmiique:
1089 2218 1170 2264 nam
1203 2198 1247 2262 ad
1279 2214 1381 2260 voces

204 2319 273 2366 nou
307 2299 483 2364 recusando
518 2318 588 2364 non
626 2302 783 2384 oportere
819 2302 1009 2386 quidquam
1051 2301 1134 2367 addi
1170 2298 1382 2365 adsentiente

205 2402 419 2467 Mommseno
441 2401 511 2466 iam
534 2402 831 2467 demonstraverat
852 2403 1013 2469 Haasius
1023 2405 1052 2482 ⁵)

291 2520 326 2585 H
348 2523 378 2600 6,
401 2522 421 2585 4
448 2520 665 2586 distinxerim
692 2571 698 2584 .
723 2570 762 2585 ..
795 2541 887 2602 quem
921 2521 981 2607 [so.
1016 2521 1177 2588 Fulvium
1204 2518 1380 2603 Flaooum]

212 2622 244 2688 G.
271 2621 433 2688 macnus
454 2621 505 2704 (in
526 2622 627 2687 baum
652 2621 771 2687 Tiberii
791 2623 907 2707 fratris
930 2623 1138 2689 triumuirum
1159 2622 1384 2688 nominaverat

205 2726 290 2808 eum)
310 2723 429 2789 socium
454 2725 569 2809 repetis
591 2725 812 2808 adsumpserat
828 2725 1001 2809 potentiae,
1030 2746 1100 2812 qua
1127 2722 1381 2805 distinotionei)

206 2827 362 2912 speciosa
376 2826 509 2891 Halmii
524 2827 721 2892 aonieotura
741 2827 872 2894 nomine
892 2849 927 2893 re
946 2833 1053 2893 autent
1074 2848 1138 2914 pro
1160 2826 1385 2893 nominaverat

206 2950 279 2994 uam
292 2929 462 3014 ponentis,
485 2931 633 3014 probata
648 2930 692 2995 ab
708 2928 849 3011 Orelli0,
876 2930 1023 3011 Kritzio,
1038 2929 1181 3008 Haasio,
1203 2925 1381 2993 refutatur.

292 3049 327 3113 II
350 3053 402 3130 29,
419 3052 503 3114 2-3
524 3048 593 3132 fuit
613 3049 664 3114 hio
687 3050 747 3134 [so.
759 3049 959 3135 Pompeius]
979 3048 1107 3133 penitus
1127 3051 1229 3112 matre
1243 3046 1382 3123 mnan,

205 3151 315 3234 stirpis
328 3150 515 3231 senatoriae,
536 3151 643 3235 farma
657 3151 805 3217 earduus
819 3155 900 3234 (non
914 3172 960 3226 ea,
983 3171 1048 3233 qua
1068 3150 1125 3233 ptos
1145 3150 1384 3216 commendatae

206 3253 333 3332 aetatis,
360 3254 413 3318 sed
434 3274 473 3318 aa
495 3253 651 3338 dipnitate
672 3254 913 3337 canstantiapue
939 3255 978 3320 in
998 3253 1088 3318 mam
1108 3251 1297 3318 conueniens
1319 3271 1383 3316 am

206 3355 397 3438 plitudinem
420 3355 650 3437 fortunamque
676 3356 775 3439 eiusi)
803 3357 846 3421 ad
873 3355 1024 3421 ultimum
1054 3353 1138 3419 aritae
1162 3353 1311 3419 comitata
1339 3357 1385 3417 est

291 3576 312 3644 1)
331 3575 389 3630 Gir.
407 3575 532 3645 Longius
550 3577 582 3631 Z.
601 3576 729 3645 Sprgebr.
748 3576 773 3631 d.
791 3577 866 3632 Vell.
883 3575 947 3631 Pet.
965 3576 997 3630 II
1015 3575 1072 3643 (Pr.
1085 3574 1170 3630 stou.
1190 3574 1266 3641 1886)
1286 3591 1312 3642 p.
1324 3575 1366 3629 24.

291 3677 312 3744 ²)
334 3678 390 3732 Gir.
409 3677 484 3733 infra
500 3695 526 3746 p.
545 3679 587 3732 32.

292 3779 314 3847 ³)
333 3778 396 3834 aul
413 3780 485 3846 AP3
513 3779 637 3835 defendit
661 3779 796 3835 Kaisaros
821 3779 864 3834 De
886 3778 984 3833 fontib.
1002 3779 1076 3834 Voll.
1099 3778 1163 3832 Pet.
1185 3777 1288 3846 (Berol.
1307 3778 1386 3847 1884)

206 3880 232 3932 p.
250 3865 297 3931 143
315 3865 362 3918 ΟΒ
381 3880 442 3918 cum
459 3864 534 3919 Aldo
552 3864 690 3920 Halmius.

291 3965 314 4034 ⁴)
333 3965 389 4020 Otr.
408 3981 492 4033 supra
509 3983 536 4034 p.
553 3968 595 4021 24.
613 3996 648 4004 -
665 3966 700 4021 In
716 3966 928 4036 parenthesibus
951 3963 1101 4021 inferendis
1124 3964 1232 4020 omnino
1249 3965 1386 4034 particula

206 4048 305 4119 quippe
327 4050 432 4106 Velleio
450 4050 519 4105 nihil
537 4051 718 4121 frequentius.

292 4152 315 4218 ⁵)
333 4152 385 4207 Ed.
402 4152 434 4207 Π
450 4152 537 4221 praef.
554 4170 582 4221 p.
599 4151 684 4208 VIII.

292 4252 314 4321 ⁰)
333 4253 468 4309 Similiter
485 4253 540 4308 iam
558 4253 754 4321 Froehliohius,
774 4253 821 4321 qui
839 4260 933 4308 tamen
950 4251 1042 4308 verbis
1067 4251 1246 4307 triumvirum
1262 4253 1386 4308 nomina

204 4339 287 4392 uarat
303 4355 364 4394 eam
381 4339 559 4408 parenthesin
577 4338 745 4394 terminavit.

292 4440 314 4508 ⁷)
332 4440 420 4497 Reate
437 4447 534 4497 tuetur
544 4440 690 4507 litamina,
710 4455 770 4494 oum
787 4439 817 4495 in
835 4439 1012 4509 sequentibus
1029 4439 1111 4495 facile
1123 4438 1305 4508 intellegatur
1316 4456 1385 4494 eum.
