3358 5154
331 1444 654 1541 Oarouuaimu,
670 1453 1419 1525 assensumlitterismussnomrnrsus

245 1567 382 1654 egregie
404 1565 528 1646 meriti,
550 1562 719 1629 Velleiaui
742 1561 856 1648 operis
879 1560 983 1626 editio
1007 1577 1096 1624 anuo
1112 1555 1421 1624 MDOOOLXXVI

245 1670 371 1736 emissa
385 1686 589 1754 magnoque,
614 1685 692 1732 cum
706 1663 845 1749 prodiit,
867 1662 993 1749 plausu
1016 1663 1157 1746 excepta
1170 1679 1280 1745 usque
1294 1660 1338 1725 ad
1353 1659 1421 1725 hoc
1451 1651 1456 1658 ’

245 1775 380 1858 tempus
400 1790 487 1857 quae
502 1789 539 1837 se
554 1769 820 1854 subsequeretur
834 1785 904 1831 non
917 1763 1057 1830 invenit.
1093 1762 1205 1844 Quam
1222 1780 1285 1848 ego
1301 1760 1421 1826 editio·

246 1895 325 1940 uem
340 1875 422 1940 dum
442 1871 626 1938 intentiore
648 1890 731 1936 cura
752 1870 934 1955 pertracto
957 1869 996 1932 ut
1010 1865 1104 1932 haud
1120 1865 1282 1950 exiguum
1297 1861 1421 1929 editori

245 1976 413 2043 Velleium
436 1976 558 2041 debere
580 1974 684 2040 etiam
707 1976 809 2058 atque
829 1972 933 2038 etiam
946 1970 1034 2035 mihi
1048 1968 1213 2056 persuasi,
1235 1967 1285 2032 ita
1308 1985 1422 2052 saepe·

244 2098 387 2145 numero
420 2081 536 2143 tamen
568 2076 794 2142 iudicandum
827 2093 901 2140 esse
934 2073 1043 2138 aliter.
1088 2072 1206 2157 Neque
1237 2069 1305 2137 hoc
1337 2088 1421 2134 saue

246 2182 371 2248 mirum
386 2179 544 2245 intentis
561 2179 662 2244 crisis
673 2177 870 2243 Velleianae
885 2176 1039 2257 salebris
1063 2172 1283 2241 instrumenti
1297 2172 1421 2238 habitu

245 2283 430 2368 singulari,
458 2281 638 2366 scriptoris
667 2283 791 2345 natura
818 2281 920 2365 atque
941 2278 1058 2345 indole
1079 2277 1230 2364 propria.
1276 2275 1421 2342 Omnem

244 2386 425 2452 materiam
452 2384 633 2450 exhaurire
659 2383 763 2449 huius
786 2381 1083 2448 commentationis
1113 2381 1270 2460 nonest,
1304 2376 1421 2462 explo-

245 2488 377 2553 ratiora
404 2489 437 2552 et
463 2485 673 2552 notabiliora
698 2484 883 2571 quaedam,
917 2503 1005 2569 quae
1030 2485 1168 2569 praesto
1196 2483 1291 2562 sunt,
1319 2478 1421 2545 certis

246 2589 437 2656 rationibus
461 2589 595 2674 digesta
617 2608 721 2674 quam
742 2587 871 2673 poterit
891 2587 1094 2653 brevissime
1117 2583 1364 2670 complexuros.

820 2811 848 2888 l.

333 2980 442 3046 Vellei
478 2982 608 3063 studio,
644 2985 684 3047 ut
720 2983 763 3048 ab
797 3000 835 3046 re
872 2979 1025 3067 generali
1060 2979 1200 3045 initium
1233 2977 1421 3064 capiamus,

246 3102 413 3168 maguum
435 3083 560 3149 adtulit
579 3085 829 3150 incrementum
843 3083 999 3150 Basileae
1015 3083 1058 3149 ab
1075 3081 1204 3148 Orellio
1218 3081 1423 3166 indagatum

173 3277 178 3286 ἱ
246 3185 314 3251 hoc
342 3185 599 3271 inopinatorum
633 3187 850 3252 inventorum
880 3185 985 3252 fertili
1022 3185 1159 3251 saeculo
1197 3183 1423 3270 exemplum

246 3288 628 3354 Amerbachianum.
672 3289 714 3354 In
748 3289 846 3355 cuius
879 3288 1049 3372 originem
1072 3307 1150 3354 cum
1178 3285 1421 3368 aFechtero¹)

245 3390 450 3475 inquisitum
473 3393 561 3457 esset
583 3392 852 3472 accuratissime,
875 3410 980 3477 quam
1001 3391 1144 3457 haberet
1165 3390 1237 3455 vim
1260 3391 1293 3454 et
1307 3392 1423 3455 aucto-

247 3492 385 3558 ritatem
407 3493 645 3578 superioribus
667 3493 789 3559 melius
805 3497 838 3560 et
851 3493 1027 3579 perspexit
1042 3495 1075 3558 et
1090 3492 1208 3559 docuit
1222 3492 1423 3566 Halmius.²)

246 3595 372 3660 Naucti
393 3614 513 3661 sumus
537 3596 581 3660 ad
604 3597 841 3662 excutiendam
861 3597 1029 3682 principis
1045 3595 1205 3661 editionis
1222 3615 1243 3660 a
1258 3595 1424 3660 Rhenano

248 3699 385 3762 curatae
406 3695 509 3762 fidem
532 3698 903 3784 redintegrandamque
918 3699 1119 3764 memoriam
1142 3697 1298 3764 codicis
1314 3699 1423 3764 Mur-

246 3799 453 3879 bacensis,
476 3800 580 3881 unici,
605 3800 636 3866 si
658 3821 679 3866 a
700 3801 857 3887 pauculis
880 3801 1037 3868 versibus
1060 3800 1274 3882 discesseris,
1296 3800 1422 3866 horum

246 3900 416 3967 librorum
437 3899 553 3983 fontis,
575 3903 646 3968 iam
669 3902 729 3968 diu
750 3902 845 3968 illius
869 3903 1052 3990 deperditi,
1075 3923 1177 3988 quem
1199 3902 1352 3969 bonitate
1373 3899 1423 3966 fa-

246 4023 339 4068 mam
361 4022 460 4068 suam
481 4003 584 4090 longe
606 4023 768 4091 superare
789 4006 880 4071 hauc
899 4005 1166 4092 disputationem
1180 4023 1280 4091 spero
1297 4003 1423 4069 evictu-

332 4173 354 4241 1)
372 4172 426 4229 Die
443 4172 671 4230 Amerbsebisohe
683 4173 825 4230 Abschritt
843 4175 890 4230 des
903 4175 1028 4231 Velleius
1046 4174 1209 4231 Paterculus
1227 4175 1284 4230 und
1300 4173 1344 4228 ihr
1355 4173 1425 4228 Ver·

245 4257 365 4313 htltniss
379 4274 445 4342 ¹‘zum
463 4259 626 4314 Murbacher
643 4259 735 4315 (lodex
752 4261 810 4315 uud
826 4277 877 4315 zur
893 4261 989 4316 Editio
1005 4261 1140 4330 princeps.
1176 4261 1240 4315 Bas.
1259 4259 1333 4313 1844„

330 4343 352 4410 ²)
371 4343 447 4398 Uber
472 4344 516 4401 dte
539 4344 782 4401 haudschriftliche
801 4333 1015 4416 bberueferung
1041 4347 1089 4402 des
1108 4345 1233 4402 Velleius
1251 4344 1423 4411 Paterculus,

246 4426 300 4481 Rh.
319 4428 389 4482 Mus.
408 4427 484 4484 Nu.
502 4429 588 4484 XXX
606 4446 633 4498 p.
650 4430 702 4483 534
720 4447 760 4498 sq.
