3358 5154
691 428 905 492 ..23-

210 603 265 669 vel
276 600 434 686 triplicis,
447 599 471 682 ¹)
483 596 597 683 qualis
607 594 797 660 Halmiana
810 594 873 658 illa
888 593 1096 659 correctione
1112 595 1251 678 accepta
1263 592 1387 672 evadit,

210 705 316 770 hebes
338 703 374 767 ΙΙ
398 706 448 781 26,
473 706 490 767 1
508 699 658 781 portium
680 697 749 762 eius
770 697 834 760 m'm'
856 696 994 761 hostium
1016 695 1196 760 ereremum.

297 806 333 871 ΙΙ
355 809 406 884 91,
424 809 443 870 2
465 823 545 868 uum
560 801 705 866 Mureuu
718 800 789 866 siue
803 798 858 864 hor
878 798 1022 882 facinore
1041 798 1147 880 potuit
1159 797 1262 862 uideri
1277 796 1385 875 tonare,

219 907 332 990 Caepio
364 911 394 974 et
426 906 481 971 hoc
514 909 590 971 oute
622 907 705 968 erut
725 902 887 984 paumus
943 901 1056 966 Huius
1090 901 1162 966 ΑΡ
1195 901 1387 986 scripturae

211 1014 370 1076 strenuus
393 1011 496 1093 atque
515 1006 663 1091 diligens
685 1003 841 1071 defensor
856 1004 1081 1068 Ruhnkenius
1097 1004 1228 1068 exstitit
1242 1002 1385 1070 frustra:

211 1132 293 1177 nam
319 1114 468 1197 pergunt
492 1108 562 1175 fere
587 1128 697 1194 usque
724 1108 909 1192 adipsum
937 1105 1116 1172 Halmium
1145 1127 1222 1171 cum
1245 1106 1386 1173 Gelenio

212 1218 288 1280 cute
321 1213 376 1279 hoc
409 1213 515 1278 edere.
561 1211 671 1296 Atqui
704 1211 793 1295 quod
824 1209 1001 1274 aKritzio
1031 1212 1151 1274 contra
1179 1209 1309 1274 dictum
1337 1214 1388 1275 est

213 1317 400 1381 sententiae
422 1315 492 1379 vim
514 1315 580 1379 niti
602 1315 726 1398 arguta
749 1312 965 1398 oppositione
979 1313 1162 1377 verborum
1184 1311 1332 1377 emeher
1354 1316 1388 1377 et

210 1422 287 1483 oute
308 1417 372 1497 hoc,
395 1437 538 1502 eamque
560 1436 631 1480 rem
654 1415 749 1480 nullo
768 1418 870 1500 pacto
885 1415 959 1500 pati
973 1415 1263 1499 praepositionem
1278 1415 1386 1480 altero

210 1521 287 1585 loco
309 1520 481 1605 postponi,
505 1519 540 1584 id
563 1537 653 1597 vere,
677 1538 790 1582 meum
813 1537 951 1582 sensum
973 1517 1004 1582 si
1027 1517 1179 1597 consu10,
1202 1518 1304 1582 inane
1318 1522 1385 1584 est:

211 1623 318 1687 immo
344 1622 381 1687 in
404 1620 602 1687 huiusmodi
626 1620 806 1699 chiastic0,
840 1638 942 1704 quem
963 1638 1140 1700 vocamus,
1164 1620 1284 1685 ordine
1305 1619 1388 1701 (siue

211 1723 266 1788 hoc
282 1762 322 1769 -
337 1723 392 1788 hoe
407 1726 496 1807 oum)
517 1723 678 1788 ultimum
700 1723 892 1787 membrum
914 1740 1015 1786 suum
1036 1720 1091 1786 vel
1113 1721 1261 1787 maxime
1284 1724 1388 1789 habet

212 1827 356 1910 pondus.

296 1928 470 2007 11'111‚2
500 1926 610 2008 itaque
641 1931 681 1991 ut
705 1925 907 2008 praesidium
939 1926 1081 1990 melitum
1113 1947 1163 1991 res
1194 1926 1318 2008 paulatim
1350 1927 1389 1993 ab

211 2028 355 2113 Aupurto
388 2031 497 2095 ducem
534 2029 573 2094 iu
610 2028 721 2094 tellum
756 2028 892 2110 poposcit
928 2027 1099 2093 Tiberium.
1154 2030 1269 2096 Variis
1303 2032 1389 2097 haec

211 2135 377 2217 temptata
410 2136 491 2198 sunt
524 2132 743 2212 coniecturis,
778 2131 929 2195 ultimum
957 2151 998 2196 ex
1020 2132 1131 2216 Lipsii
1157 2152 1221 2217 pro
1248 2131 1388 2197 militum

212 2235 321 2300 edidit
343 2235 519 2314 Halmius3
555 2233 704 2300 defendit
727 2255 805 2299 cum
827 2233 989 2298 Boeolero
1012 2234 1168 2299 Kritzius
1186 2234 1387 2316 praesidium

212 2341 246 2403 et
266 2337 407 2402 militum
429 2337 640 2422 coniungens
663 2337 886 2421 argutiaeque
912 2334 1061 2402 efficiens
1084 2337 1147 2402 has
1170 2336 1296 2403 milites
1320 2339 1388 2404 col-

211 2440 330 2518 lectos,
354 2440 413 2525 qui
434 2439 485 2504 rei
506 2439 664 2524 publicae
683 2439 855 2525 praesidio
872 2441 992 2519 essent,
1015 2438 1110 2523 ipsos
1127 2439 1200 2504 sine
1214 2441 1388 2524 praesidio

212 2542 347 2607 futuros
363 2541 477 2622 fuisse,
500 2542 569 2607 nisi
585 2542 722 2607 Tiberio
739 2542 834 2607 duce.
860 2540 990 2622 Quidni
1005 2541 1255 2626 coniungamus
1270 2544 1387 2628 potius

212 2643 353 2708 melitum
372 2645 490 2723 ducem,
514 2645 607 2729 quod
627 2644 810 2730 quominus
833 2642 895 2708 fiat
916 2641 1033 2728 paullo
1056 2643 1255 2728 impeditior
1277 2647 1388 2712 oratio

212 2748 249 2811 in
271 2747 338 2811 hoc
360 2750 450 2811 certe
477 2747 646 2831 scriptore
672 2766 742 2811 non
765 2747 894 2826 obstat,
927 2745 1124 2828 praesidium
1152 2747 1388 2832 intellegentes

214 2848 286 2933 (cfr.
310 2849 345 2913 ΙΙ
370 2852 440 2928 103,
467 2849 497 2931 1)
520 2849 569 2913 rei
593 2848 772 2933 publicae?

771 3137 831 3216 lll.

298 3326 464 3412 Proprius
497 3325 607 3391 Vellei
640 3327 691 3390 est
724 3324 1018 3390 sententiarum
1050 3324 1390 3391 intermediarum

214 3431 342 3495 multus
357 3429 483 3512 usns2)
507 3448 607 3513 quem
623 3446 692 3491 non
708 3426 822 3492 solum
836 3428 914 3512 ipsa
928 3427 1128 3512 frequentia,
1151 3448 1270 3492 verum
1287 3428 1391 3492 etiarn

214 3532 388 3598 intexendi
409 3531 489 3596 rudi
511 3532 545 3595 et
566 3528 724 3613 impolita
750 3548 1009 3614 nonnumquam
1031 3530 1164 3595 ratione
1186 3530 1223 3594 in
1245 3549 1391 3614 pravum

213 3655 321 3720 nsque
347 3633 508 3699 excedere
534 3629 633 3696 facile
663 3630 817 3696 sentitur.
865 3629 960 3711 Quas
988 3651 1009 3696 a
1036 3632 1200 3696 continua
1234 3631 1390 3696 oratione

214 3821 362 3877 tenendum
379 3819 418 3873 ibi
435 3822 479 3873 est
497 3815 575 3872 cuius
594 3815 641 3886 [ec.
661 3815 704 3870 m.
722 3815 851 3886 Neronis]
870 3833 921 3869 rem
938 3833 1042 3885 quoque
1060 3817 1232 3872 Parthorum
1252 3817 1325 3871 temti
1343 3833 1391 3871 uc-

213 3906 298 3961 mr'm'e
312 3906 391 3973 famo
410 3903 526 3958 territus
543 3919 599 3970 eqs.
618 3901 679 3969 (cir.
697 3902 789 3969 1176,
809 3904 823 3955 1
848 3901 927 3956 euius
950 3902 981 3956 ob
998 3902 1167 3972 stupratorem
1189 3919 1250 3957 cum
1274 3919 1303 3956 eo
1322 3901 1392 3955 omi-

213 3991 309 4046 u‘tr'um
323 3989 451 4059 partium
469 3987 582 4042 adiutor
597 3987 719 4055 fuerat),
742 4003 797 4041 uon
815 4003 875 4042 eum
892 3988 1069 4056 Ruhnkeuio‚
1093 4005 1172 4058 quem
1189 3987 1247 4057 ipse
1267 3987 1392 4057 requitur

213 4082 377 4143 secutusque
395 4075 479 4129 etiam
492 4077 536 4128 cst
547 4069 684 4138 Halmius,
702 4087 750 4140 pro
768 4072 847 4126 cuiue
863 4074 1017 4142 ponendum
1035 4072 1111 4141 qum,
1130 4089 1184 4141 que
1200 4073 1230 4127 in
1248 4089 1277 4127 re
1296 4071 1393 4126 diiudi-

213 4162 301 4216 canda
318 4160 479 4216 attendatur
496 4157 580 4213 velim
598 4154 710 4211 Heinsii
727 4157 760 4211 de
778 4159 828 4212 hoc
845 4158 903 4212 loco
923 4158 1083 4226 disputatio.

300 4245 320 4312 1)
339 4246 383 4299 Ex
401 4243 531 4311 exemplis
550 4239 707 4296 Kritzienie
726 4243 762 4296 ad
778 4242 810 4296 ΙΙ
828 4244 870 4311 89,
889 4245 904 4297 1
923 4249 952 4299 et
970 4242 1001 4297 II
1019 4245 1061 4311 50,
1079 4245 1096 4297 4
1120 4242 1222 4297 adlatis
1239 4243 1292 4297 huc
1309 4241 1394 4309 perti·

214 4336 282 4387 nent
301 4330 367 4385 Sall.
386 4331 449 4398 Iug.
467 4329 509 4396 75,
528 4329 543 4381 1
562 4331 591 4381 et
609 4323 686 4380 ans.
704 4327 747 4382 De
766 4327 790 4382 b.
809 4328 882 4382 eall.
901 4328 932 4381 II
951 4329 1033 4395 17,1.

299 4417 320 4479 ²)
338 4416 439 4472 Altera
456 4414 522 4469 adeo
540 4413 593 4469 tali
611 4413 799 4482 interponitur
817 4412 970 4467 sententiae
988 4410 1128 4468 sententia
1146 4411 1177 4465 II
1195 4411 1237 4478 58,
1254 4412 1279 4464 2.
