<?xml version="1.0" encoding="UTF-8"?>
<!DOCTYPE html PUBLIC "-//W3C//DTD XHTML 1.0 Transitional//EN"
    "http://www.w3.org/TR/xhtml1/DTD/xhtml1-transitional.dtd">
<html xmlns="http://www.w3.org/1999/xhtml" xml:lang="en" lang="en">
 <head>
  <title>
</title>
<meta http-equiv="Content-Type" content="text/html;charset=utf-8" />
  <meta name='ocr-system' content='tesseract 3.04.00' />
  <meta name='ocr-capabilities' content='ocr_page ocr_carea ocr_par ocr_line ocrx_word'/>
</head>
<body>
  <div class='ocr_page' id='page_1' title='image "./develleianivolu00goog_0017.png"; bbox 0 0 3358 5154; ppageno 0'>
   <div class='ocr_carea' id='block_1_1' title="bbox 789 449 1002 511">
    <p class='ocr_par' dir='ltr' id='par_1_1' title="bbox 789 449 1002 511">
     <span class='ocr_line' id='line_1_1' title="bbox 789 449 1002 511; baseline 0 -19"><span class='ocrx_word' id='word_1_1' title='bbox 789 449 1002 511; x_wconf 73' lang='lat'>-12-</span> 
     </span>
    </p>
   </div>
   <div class='ocr_carea' id='block_1_2' title="bbox 307 608 1486 905">
    <p class='ocr_par' dir='ltr' id='par_1_2' title="bbox 307 608 1486 905">
     <span class='ocr_line' id='line_1_2' title="bbox 308 608 1486 699; baseline -0.008 -19"><span class='ocrx_word' id='word_1_2' title='bbox 308 610 444 697; x_wconf 71' lang='lat' dir='ltr'>Mauors</span> <span class='ocrx_word' id='word_1_3' title='bbox 465 617 499 680; x_wconf 91' lang='lat' dir='ltr'>et</span> <span class='ocrx_word' id='word_1_4' title='bbox 519 613 680 699; x_wconf 70' lang='lat' dir='ltr'>Artaqera</span> <span class='ocrx_word' id='word_1_5' title='bbox 702 635 743 680; x_wconf 87' lang='lat' dir='ltr'>ex</span> <span class='ocrx_word' id='word_1_6' title='bbox 765 615 902 680; x_wconf 91' lang='lat' dir='ltr'>Heinsii</span> <span class='ocrx_word' id='word_1_7' title='bbox 923 614 1118 698; x_wconf 88' lang='lat' dir='ltr'>Muretique</span> <span class='ocrx_word' id='word_1_8' title='bbox 1140 610 1345 679; x_wconf 90' lang='lat' dir='ltr'>coniecturis</span> <span class='ocrx_word' id='word_1_9' title='bbox 1367 608 1486 693; x_wconf 86' lang='lat' dir='ltr'>utique</span> 
     </span>
     <span class='ocr_line' id='line_1_3' title="bbox 307 711 1485 801; baseline -0.006 -20"><span class='ocrx_word' id='word_1_10' title='bbox 307 716 428 801; x_wconf 90' lang='lat' dir='ltr'>reponi</span> <span class='ocrx_word' id='word_1_11' title='bbox 451 717 582 782; x_wconf 91' lang='lat' dir='ltr'>debere.</span> <span class='ocrx_word' id='word_1_12' title='bbox 617 717 767 782; x_wconf 89' lang='lat' dir='ltr'>Mediam</span> <span class='ocrx_word' id='word_1_13' title='bbox 783 718 877 782; x_wconf 89' lang='lat' dir='ltr'>viam</span> <span class='ocrx_word' id='word_1_14' title='bbox 891 718 1027 782; x_wconf 90' lang='lat' dir='ltr'>secutus</span> <span class='ocrx_word' id='word_1_15' title='bbox 1044 715 1179 800; x_wconf 71' lang='lat' dir='ltr'>Meyaru</span> <span class='ocrx_word' id='word_1_16' title='bbox 1202 714 1310 780; x_wconf 82' lang='lat' dir='ltr'><strong>edidit</strong></span> <span class='ocrx_word' id='word_1_17' title='bbox 1324 711 1485 777; x_wconf 83' lang='lat' dir='ltr'>Halmius</span> 
     </span>
     <span class='ocr_line' id='line_1_4' title="bbox 309 814 1485 905; baseline -0.004 -23"><span class='ocrx_word' id='word_1_18' title='bbox 309 821 343 882; x_wconf 92' lang='lat' dir='ltr'>et</span> <span class='ocrx_word' id='word_1_19' title='bbox 357 817 558 902; x_wconf 75' lang='lat' dir='ltr'>Artaqerani.</span> <span class='ocrx_word' id='word_1_20' title='bbox 597 820 707 905; x_wconf 89' lang='lat' dir='ltr'>Atqui</span> <span class='ocrx_word' id='word_1_21' title='bbox 729 820 868 886; x_wconf 78' lang='lat' dir='ltr'>aliunde</span> <span class='ocrx_word' id='word_1_22' title='bbox 890 839 1027 905; x_wconf 90' lang='lat' dir='ltr'>quoque</span> <span class='ocrx_word' id='word_1_23' title='bbox 1049 819 1134 886; x_wconf 89' lang='lat' dir='ltr'>satis</span> <span class='ocrx_word' id='word_1_24' title='bbox 1158 819 1294 883; x_wconf 88' lang='lat' dir='ltr'>constat</span> <span class='ocrx_word' id='word_1_25' title='bbox 1303 816 1327 900; x_wconf 90' lang='lat'>¹)</span> <span class='ocrx_word' id='word_1_26' title='bbox 1350 814 1485 898; x_wconf 72' lang='lat' dir='ltr'>Mepara</span> 
     </span>
    </p>
   </div>
   <div class='ocr_carea' id='block_1_3' title="bbox 304 919 1488 4064">
    <p class='ocr_par' dir='ltr' id='par_1_3' title="bbox 308 919 1486 1211">
     <span class='ocr_line' id='line_1_5' title="bbox 309 919 1486 1006; baseline -0.004 -21"><span class='ocrx_word' id='word_1_27' title='bbox 309 921 455 1005; x_wconf 81' lang='lat' dir='ltr'>primae,</span> <span class='ocrx_word' id='word_1_28' title='bbox 489 941 594 1006; x_wconf 90' lang='lat' dir='ltr'>quam</span> <span class='ocrx_word' id='word_1_29' title='bbox 621 922 733 988; x_wconf 88' lang='lat' dir='ltr'>dicere</span> <span class='ocrx_word' id='word_1_30' title='bbox 766 923 1021 1002; x_wconf 80' lang='lat' dir='ltr'>consuevimus,</span> <span class='ocrx_word' id='word_1_31' title='bbox 1055 919 1295 987; x_wconf 80' lang='lat' dir='ltr'>declinationis</span> <span class='ocrx_word' id='word_1_32' title='bbox 1318 935 1486 983; x_wconf 89' lang='lat' dir='ltr'>nonnum·</span> 
     </span>
     <span class='ocr_line' id='line_1_6' title="bbox 308 1019 1486 1109; baseline -0.003 -23"><span class='ocrx_word' id='word_1_33' title='bbox 308 1041 414 1107; x_wconf 90' lang='lat' dir='ltr'>quam</span> <span class='ocrx_word' id='word_1_34' title='bbox 435 1021 541 1089; x_wconf 90' lang='lat' dir='ltr'>fuisse</span> <span class='ocrx_word' id='word_1_35' title='bbox 563 1024 729 1090; x_wconf 88' lang='lat' dir='ltr'>Romanis</span> <span class='ocrx_word' id='word_1_36' title='bbox 750 1025 855 1109; x_wconf 90' lang='lat' dir='ltr'>idque</span> <span class='ocrx_word' id='word_1_37' title='bbox 879 1023 932 1090; x_wconf 90' lang='lat' dir='ltr'>vel</span> <span class='ocrx_word' id='word_1_38' title='bbox 958 1024 1002 1089; x_wconf 91' lang='lat' dir='ltr'>ad</span> <span class='ocrx_word' id='word_1_39' title='bbox 1023 1023 1216 1106; x_wconf 76' lang='lat' dir='ltr'>Artaperanu</span> <span class='ocrx_word' id='word_1_40' title='bbox 1238 1019 1486 1086; x_wconf 84' lang='lat' dir='ltr'>defendendum</span> 
     </span>
     <span class='ocr_line' id='line_1_7' title="bbox 310 1125 1187 1211; baseline -0.001 -21"><span class='ocrx_word' id='word_1_41' title='bbox 310 1125 394 1190; x_wconf 86' lang='lat' dir='ltr'>satis</span> <span class='ocrx_word' id='word_1_42' title='bbox 416 1125 516 1191; x_wconf 89' lang='lat' dir='ltr'>valet.</span> <span class='ocrx_word' id='word_1_43' title='bbox 561 1127 682 1211; x_wconf 87' lang='lat' dir='ltr'>Itaque</span> <span class='ocrx_word' id='word_1_44' title='bbox 704 1128 779 1192; x_wconf 89' lang='lat' dir='ltr'>tuto</span> <span class='ocrx_word' id='word_1_45' title='bbox 801 1129 986 1211; x_wconf 87' lang='lat' dir='ltr'>utrumque</span> <span class='ocrx_word' id='word_1_46' title='bbox 1007 1125 1187 1191; x_wconf 80' lang='lat' dir='ltr'>tenebitur.</span> 
     </span>
    </p>

    <p class='ocr_par' dir='ltr' id='par_1_4' title="bbox 308 1221 1486 1926">
     <span class='ocr_line' id='line_1_8' title="bbox 393 1221 1485 1308; baseline -0.005 -17"><span class='ocrx_word' id='word_1_47' title='bbox 393 1227 429 1291; x_wconf 88' lang='lat' dir='ltr'>H</span> <span class='ocrx_word' id='word_1_48' title='bbox 452 1232 502 1308; x_wconf 88' lang='lat'>91,</span> <span class='ocrx_word' id='word_1_49' title='bbox 529 1233 543 1292; x_wconf 99' lang='grc'>1</span> <span class='ocrx_word' id='word_1_50' title='bbox 568 1228 726 1294; x_wconf 78' lang='lat' dir='ltr'>Phraates</span> <span class='ocrx_word' id='word_1_51' title='bbox 753 1229 883 1293; x_wconf 89' lang='lat' dir='ltr'>editum</span> <span class='ocrx_word' id='word_1_52' title='bbox 911 1231 976 1308; x_wconf 91' lang='lat' dir='ltr'>est,</span> <span class='ocrx_word' id='word_1_53' title='bbox 1010 1235 1048 1292; x_wconf 94' lang='lat' dir='ltr'>ut</span> <span class='ocrx_word' id='word_1_54' title='bbox 1076 1231 1177 1292; x_wconf 90' lang='lat' dir='ltr'>antea</span> <span class='ocrx_word' id='word_1_55' title='bbox 1198 1247 1219 1292; x_wconf 91' lang='lat' dir='ltr'>a</span> <span class='ocrx_word' id='word_1_56' title='bbox 1241 1224 1407 1303; x_wconf 92' lang='lat' dir='ltr'>Krausio,</span> <span class='ocrx_word' id='word_1_57' title='bbox 1441 1221 1485 1287; x_wconf 91' lang='lat' dir='ltr'>ab</span> 
     </span>
     <span class='ocr_line' id='line_1_9' title="bbox 309 1323 1486 1410; baseline -0.003 -18"><span class='ocrx_word' id='word_1_58' title='bbox 309 1328 460 1409; x_wconf 90' lang='lat' dir='ltr'>Halmio,</span> <span class='ocrx_word' id='word_1_59' title='bbox 485 1350 561 1395; x_wconf 91' lang='lat' dir='ltr'>cum</span> <span class='ocrx_word' id='word_1_60' title='bbox 585 1331 679 1396; x_wconf 87' lang='lat' dir='ltr'>soliti</span> <span class='ocrx_word' id='word_1_61' title='bbox 702 1330 855 1396; x_wconf 88' lang='lat' dir='ltr'>essentP</span> <span class='ocrx_word' id='word_1_62' title='bbox 878 1330 986 1396; x_wconf 88' lang='lat' dir='ltr'>secuti</span> <span class='ocrx_word' id='word_1_63' title='bbox 1008 1330 1106 1395; x_wconf 90' lang='lat' dir='ltr'>edere</span> <span class='ocrx_word' id='word_1_64' title='bbox 1120 1327 1310 1403; x_wconf 84' lang='lat' dir='ltr'>Phralates,</span> <span class='ocrx_word' id='word_1_65' title='bbox 1333 1326 1371 1391; x_wconf 88' lang='lat' dir='ltr'>id</span> <span class='ocrx_word' id='word_1_66' title='bbox 1392 1323 1486 1410; x_wconf 89' lang='lat' dir='ltr'>quod</span> 
     </span>
     <span class='ocr_line' id='line_1_10' title="bbox 308 1427 1484 1518; baseline -0.003 -23"><span class='ocrx_word' id='word_1_67' title='bbox 308 1432 525 1514; x_wconf 78' lang='lat' dir='ltr'>probaveriS,</span> <span class='ocrx_word' id='word_1_68' title='bbox 559 1436 598 1497; x_wconf 93' lang='lat' dir='ltr'>ut</span> <span class='ocrx_word' id='word_1_69' title='bbox 629 1431 670 1498; x_wconf 90' lang='lat' dir='ltr'>fit</span> <span class='ocrx_word' id='word_1_70' title='bbox 703 1433 850 1518; x_wconf 86' lang='lat' dir='ltr'>exempli</span> <span class='ocrx_word' id='word_1_71' title='bbox 877 1432 991 1518; x_wconf 55' lang='lat' dir='ltr'>matis</span> <span class='ocrx_word' id='word_1_72' title='bbox 1017 1432 1053 1497; x_wconf 93' lang='lat' dir='ltr'>in</span> <span class='ocrx_word' id='word_1_73' title='bbox 1079 1432 1260 1515; x_wconf 84' lang='lat' dir='ltr'>Iustino,²)</span> <span class='ocrx_word' id='word_1_74' title='bbox 1288 1429 1357 1495; x_wconf 88' lang='lat' dir='ltr'>nisi</span> <span class='ocrx_word' id='word_1_75' title='bbox 1383 1427 1484 1493; x_wconf 86' lang='lat' dir='ltr'>malis</span> 
     </span>
     <span class='ocr_line' id='line_1_11' title="bbox 310 1527 1485 1620; baseline -0.003 -23"><span class='ocrx_word' id='word_1_76' title='bbox 310 1533 394 1598; x_wconf 88' lang='lat' dir='ltr'>adeo</span> <span class='ocrx_word' id='word_1_77' title='bbox 416 1533 583 1614; x_wconf 79' lang='lat' dir='ltr'>Prahates,</span> <span class='ocrx_word' id='word_1_78' title='bbox 607 1535 663 1600; x_wconf 90' lang='lat' dir='ltr'>cui</span> <span class='ocrx_word' id='word_1_79' title='bbox 685 1541 719 1601; x_wconf 93' lang='lat' dir='ltr'><strong>A</strong></span> <span class='ocrx_word' id='word_1_80' title='bbox 741 1535 934 1620; x_wconf 82' lang='lat' dir='ltr'>scripturae</span> <span class='ocrx_word' id='word_1_81' title='bbox 960 1535 1114 1619; x_wconf 88' lang='lat' dir='ltr'>aliquam</span> <span class='ocrx_word' id='word_1_82' title='bbox 1136 1534 1281 1598; x_wconf 90' lang='lat' dir='ltr'>multum</span> <span class='ocrx_word' id='word_1_83' title='bbox 1304 1531 1415 1596; x_wconf 85' lang='lat' dir='ltr'>Taciti</span> <span class='ocrx_word' id='word_1_84' title='bbox 1436 1527 1485 1594; x_wconf 84' lang='lat' dir='ltr'>fa·</span> 
     </span>
     <span class='ocr_line' id='line_1_12' title="bbox 309 1635 1485 1717; baseline -0.003 -18"><span class='ocrx_word' id='word_1_85' title='bbox 309 1638 391 1700; x_wconf 80' lang='lat' dir='ltr'>vent</span> <span class='ocrx_word' id='word_1_86' title='bbox 418 1636 552 1702; x_wconf 90' lang='lat' dir='ltr'>codices</span> <span class='ocrx_word' id='word_1_87' title='bbox 580 1637 725 1703; x_wconf 90' lang='lat' dir='ltr'>Medicei</span> <span class='ocrx_word' id='word_1_88' title='bbox 748 1639 837 1703; x_wconf 87' lang='lat' dir='ltr'>Ann.</span> <span class='ocrx_word' id='word_1_89' title='bbox 861 1638 896 1701; x_wconf 96' lang='grc'>11</span> <span class='ocrx_word' id='word_1_90' title='bbox 921 1643 949 1717; x_wconf 93' lang='grc'>1,</span> <span class='ocrx_word' id='word_1_91' title='bbox 973 1641 1002 1703; x_wconf 82' lang='lat'>2.</span> <span class='ocrx_word' id='word_1_92' title='bbox 1025 1637 1078 1701; x_wconf 94' lang='lat' dir='ltr'>XI</span> <span class='ocrx_word' id='word_1_93' title='bbox 1103 1636 1260 1717; x_wconf 86' lang='lat' dir='ltr'>10.(X11</span> <span class='ocrx_word' id='word_1_94' title='bbox 1286 1635 1355 1716; x_wconf 89' lang='grc'>10),</span> <span class='ocrx_word' id='word_1_95' title='bbox 1384 1651 1485 1716; x_wconf 89' lang='lat' dir='ltr'>aque</span> 
     </span>
     <span class='ocr_line' id='line_1_13' title="bbox 310 1733 1483 1824; baseline -0.002 -24"><span class='ocrx_word' id='word_1_96' title='bbox 310 1737 415 1801; x_wconf 88' lang='lat' dir='ltr'>etiam</span> <span class='ocrx_word' id='word_1_97' title='bbox 447 1737 659 1804; x_wconf 83' lang='lat' dir='ltr'>Horatianus</span> <span class='ocrx_word' id='word_1_98' title='bbox 692 1739 877 1804; x_wconf 82' lang='lat' dir='ltr'>memoriae</span> <span class='ocrx_word' id='word_1_99' title='bbox 910 1739 1003 1804; x_wconf 89' lang='lat' dir='ltr'>haud</span> <span class='ocrx_word' id='word_1_100' title='bbox 1036 1738 1228 1824; x_wconf 91' lang='lat' dir='ltr'>spernenda</span> <span class='ocrx_word' id='word_1_101' title='bbox 1260 1756 1342 1822; x_wconf 91' lang='lat' dir='ltr'>pars</span> <span class='ocrx_word' id='word_1_102' title='bbox 1371 1733 1483 1800; x_wconf 83' lang='lat' dir='ltr'>Oarm.</span> 
     </span>
     <span class='ocr_line' id='line_1_14' title="bbox 312 1838 796 1926; baseline 0.004 -23"><span class='ocrx_word' id='word_1_103' title='bbox 312 1838 347 1903; x_wconf 89' lang='lat' dir='ltr'>H</span> <span class='ocrx_word' id='word_1_104' title='bbox 371 1843 400 1918; x_wconf 80' lang='lat'>2,</span> <span class='ocrx_word' id='word_1_105' title='bbox 427 1844 474 1905; x_wconf 85' lang='grc'>17.</span> <span class='ocrx_word' id='word_1_106' title='bbox 498 1841 607 1926; x_wconf 89' lang='lat' dir='ltr'>Epist.</span> <span class='ocrx_word' id='word_1_107' title='bbox 630 1841 649 1905; x_wconf 92' lang='grc' dir='ltr'>Ι</span> <span class='ocrx_word' id='word_1_108' title='bbox 673 1846 722 1921; x_wconf 79' lang='lat'>12,</span> <span class='ocrx_word' id='word_1_109' title='bbox 746 1845 796 1907; x_wconf 78' lang='lat'>27.</span> 
     </span>
    </p>

    <p class='ocr_par' dir='ltr' id='par_1_5' title="bbox 304 1938 1487 2841">
     <span class='ocr_line' id='line_1_15' title="bbox 394 1938 1486 2026; baseline -0.005 -20"><span class='ocrx_word' id='word_1_110' title='bbox 394 1941 452 2006; x_wconf 89' lang='lat' dir='ltr'>Ad</span> <span class='ocrx_word' id='word_1_111' title='bbox 484 1942 553 2006; x_wconf 89' lang='lat' dir='ltr'>alia</span> <span class='ocrx_word' id='word_1_112' title='bbox 585 1946 799 2008; x_wconf 88' lang='lat' dir='ltr'>transeuntes</span> <span class='ocrx_word' id='word_1_113' title='bbox 826 1943 1004 2008; x_wconf 89' lang='lat' dir='ltr'>videamus</span> <span class='ocrx_word' id='word_1_114' title='bbox 1038 1962 1130 2007; x_wconf 90' lang='lat' dir='ltr'>nunc</span> <span class='ocrx_word' id='word_1_115' title='bbox 1162 1942 1203 2006; x_wconf 92' lang='lat' dir='ltr'>de</span> <span class='ocrx_word' id='word_1_116' title='bbox 1236 1938 1486 2026; x_wconf 84' lang='lat' dir='ltr'>particularum</span> 
     </span>
     <span class='ocr_line' id='line_1_16' title="bbox 309 2041 1487 2129; baseline -0.002 -23"><span class='ocrx_word' id='word_1_117' title='bbox 309 2042 527 2126; x_wconf 89' lang='lat' dir='ltr'>quarundam</span> <span class='ocrx_word' id='word_1_118' title='bbox 549 2044 754 2129; x_wconf 82' lang='lat' dir='ltr'>integritate.</span> <span class='ocrx_word' id='word_1_119' title='bbox 799 2044 834 2109; x_wconf 89' lang='lat' dir='ltr'>H</span> <span class='ocrx_word' id='word_1_120' title='bbox 857 2047 909 2124; x_wconf 88' lang='grc'>48,</span> <span class='ocrx_word' id='word_1_121' title='bbox 933 2048 952 2110; x_wconf 88' lang='lat'>5</span> <span class='ocrx_word' id='word_1_122' title='bbox 975 2044 1018 2109; x_wconf 86' lang='lat' dir='ltr'>ad</span> <span class='ocrx_word' id='word_1_123' title='bbox 1039 2043 1189 2108; x_wconf 82' lang='lat' dir='ltr'>ultimam</span> <span class='ocrx_word' id='word_1_124' title='bbox 1211 2041 1435 2108; x_wconf 86' lang='lat' dir='ltr'>saluberrirnus</span> <span class='ocrx_word' id='word_1_125' title='bbox 1456 2043 1487 2104; x_wconf 86' lang='lat' dir='ltr'>et</span> 
     </span>
     <span class='ocr_line' id='line_1_17' title="bbox 310 2143 1487 2228; baseline -0.002 -21"><span class='ocrx_word' id='word_1_126' title='bbox 310 2143 505 2210; x_wconf 61' lang='lat' dir='ltr'>senescentis</span> <span class='ocrx_word' id='word_1_127' title='bbox 526 2147 722 2211; x_wconf 74' lang='lat' dir='ltr'>condatense</span> <span class='ocrx_word' id='word_1_128' title='bbox 738 2146 843 2228; x_wconf 84' lang='lat' dir='ltr'>pacis,</span> <span class='ocrx_word' id='word_1_129' title='bbox 877 2166 958 2228; x_wconf 80' lang='lat' dir='ltr'>quus</span> <span class='ocrx_word' id='word_1_130' title='bbox 979 2151 1010 2210; x_wconf 90' lang='lat' dir='ltr'>et</span> <span class='ocrx_word' id='word_1_131' title='bbox 1037 2144 1155 2212; x_wconf 85' lang='lat' dir='ltr'>Caesar</span> <span class='ocrx_word' id='word_1_132' title='bbox 1180 2145 1352 2210; x_wconf 84' lang='lat' dir='ltr'>iustissimo</span> <span class='ocrx_word' id='word_1_133' title='bbox 1377 2143 1487 2208; x_wconf 88' lang='lat' dir='ltr'>animo</span> 
     </span>
     <span class='ocr_line' id='line_1_18' title="bbox 304 2243 1484 2328; baseline -0.002 -19"><span class='ocrx_word' id='word_1_134' title='bbox 304 2245 486 2327; x_wconf 78' lang='lat' dir='ltr'>postulabat</span> <span class='ocrx_word' id='word_1_135' title='bbox 510 2250 541 2310; x_wconf 84' lang='lat' dir='ltr'>ei</span> <span class='ocrx_word' id='word_1_136' title='bbox 561 2245 730 2328; x_wconf 82' lang='lat' dir='ltr'>Pompeias</span> <span class='ocrx_word' id='word_1_137' title='bbox 751 2266 851 2327; x_wconf 78' lang='lat' dir='ltr'>aequae</span> <span class='ocrx_word' id='word_1_138' title='bbox 872 2245 1051 2328; x_wconf 72' lang='lat' dir='ltr'>recipiebat,</span> <span class='ocrx_word' id='word_1_139' title='bbox 1080 2245 1227 2312; x_wconf 76' lang='lat' dir='ltr'>discussit</span> <span class='ocrx_word' id='word_1_140' title='bbox 1254 2266 1290 2311; x_wconf 89' lang='lat' dir='ltr'>ac</span> <span class='ocrx_word' id='word_1_141' title='bbox 1311 2245 1403 2327; x_wconf 74' lang='lat' dir='ltr'>rupit</span> <span class='ocrx_word' id='word_1_142' title='bbox 1424 2243 1484 2327; x_wconf 85' lang='lat' dir='ltr'>[sc.</span> 
     </span>
     <span class='ocr_line' id='line_1_19' title="bbox 311 2345 1485 2434; baseline -0.004 -20"><span class='ocrx_word' id='word_1_143' title='bbox 311 2345 430 2432; x_wconf 80' lang='lat' dir='ltr'>Curio]</span> <span class='ocrx_word' id='word_1_144' title='bbox 453 2367 522 2414; x_wconf 94' lang='lat' dir='ltr'>non</span> <span class='ocrx_word' id='word_1_145' title='bbox 545 2367 632 2433; x_wconf 93' lang='lat' dir='ltr'>opus</span> <span class='ocrx_word' id='word_1_146' title='bbox 656 2352 707 2414; x_wconf 88' lang='lat' dir='ltr'>est</span> <span class='ocrx_word' id='word_1_147' title='bbox 725 2353 764 2429; x_wconf 89' lang='lat' dir='ltr'>et,</span> <span class='ocrx_word' id='word_1_148' title='bbox 787 2349 881 2434; x_wconf 92' lang='lat' dir='ltr'>quod</span> <span class='ocrx_word' id='word_1_149' title='bbox 896 2352 975 2414; x_wconf 89' lang='lat' dir='ltr'>ante</span> <span class='ocrx_word' id='word_1_150' title='bbox 990 2348 1185 2414; x_wconf 87' lang='lat' dir='ltr'>coalescentis</span> <span class='ocrx_word' id='word_1_151' title='bbox 1200 2351 1321 2427; x_wconf 87' lang='lat' dir='ltr'>exstat,</span> <span class='ocrx_word' id='word_1_152' title='bbox 1345 2345 1485 2413; x_wconf 86' lang='lat' dir='ltr'>Gelenio</span> 
     </span>
     <span class='ocr_line' id='line_1_20' title="bbox 310 2449 1487 2536; baseline -0.002 -22"><span class='ocrx_word' id='word_1_153' title='bbox 310 2453 449 2515; x_wconf 89' lang='lat' dir='ltr'>auctore</span> <span class='ocrx_word' id='word_1_154' title='bbox 476 2450 602 2530; x_wconf 89' lang='lat' dir='ltr'>delere,</span> <span class='ocrx_word' id='word_1_155' title='bbox 631 2451 662 2516; x_wconf 89' lang='lat' dir='ltr'>si</span> <span class='ocrx_word' id='word_1_156' title='bbox 689 2451 878 2536; x_wconf 90' lang='lat' dir='ltr'>accipiatur</span> <span class='ocrx_word' id='word_1_157' title='bbox 908 2471 949 2516; x_wconf 84' lang='lat' dir='ltr'>ex</span> <span class='ocrx_word' id='word_1_158' title='bbox 975 2449 1145 2536; x_wconf 88' lang='lat' dir='ltr'>frequenti</span> <span class='ocrx_word' id='word_1_159' title='bbox 1167 2450 1279 2516; x_wconf 85' lang='lat' dir='ltr'>Vellei</span> <span class='ocrx_word' id='word_1_160' title='bbox 1298 2450 1401 2533; x_wconf 83' lang='lat' dir='ltr'>usu³)</span> <span class='ocrx_word' id='word_1_161' title='bbox 1423 2467 1487 2533; x_wconf 94' lang='lat' dir='ltr'>pro</span> 
     </span>
     <span class='ocr_line' id='line_1_21' title="bbox 311 2550 1486 2636; baseline -0.001 -20"><span class='ocrx_word' id='word_1_162' title='bbox 311 2552 451 2632; x_wconf 84' lang='lat' dir='ltr'>,etiam‘3</span> <span class='ocrx_word' id='word_1_163' title='bbox 475 2551 701 2636; x_wconf 86' lang='lat' dir='ltr'>similiterque</span> <span class='ocrx_word' id='word_1_164' title='bbox 722 2552 759 2616; x_wconf 90' lang='lat' dir='ltr'>H</span> <span class='ocrx_word' id='word_1_165' title='bbox 782 2555 832 2632; x_wconf 87' lang='lat'>84,</span> <span class='ocrx_word' id='word_1_166' title='bbox 858 2559 874 2618; x_wconf 93' lang='lat'>1</span> <span class='ocrx_word' id='word_1_167' title='bbox 899 2552 1035 2618; x_wconf 71' lang='lat' dir='ltr'>murini</span> <span class='ocrx_word' id='word_1_168' title='bbox 1057 2552 1133 2617; x_wconf 80' lang='lat' dir='ltr'>haec</span> <span class='ocrx_word' id='word_1_169' title='bbox 1153 2552 1343 2634; x_wconf 71' lang='lat' dir='ltr'>rnapniiudo</span> <span class='ocrx_word' id='word_1_170' title='bbox 1364 2550 1486 2615; x_wconf 82' lang='lat' dir='ltr'>modica</span> 
     </span>
     <span class='ocr_line' id='line_1_22' title="bbox 310 2652 1486 2736; baseline -0.002 -18"><span class='ocrx_word' id='word_1_171' title='bbox 310 2673 367 2718; x_wconf 84' lang='lat' dir='ltr'>nec</span> <span class='ocrx_word' id='word_1_172' title='bbox 394 2652 546 2718; x_wconf 81' lang='lat' dir='ltr'>celeritati</span> <span class='ocrx_word' id='word_1_173' title='bbox 572 2653 719 2732; x_wconf 73' lang='lat' dir='ltr'>adraso,</span> <span class='ocrx_word' id='word_1_174' title='bbox 752 2653 811 2719; x_wconf 90' lang='lat' dir='ltr'>illa</span> <span class='ocrx_word' id='word_1_175' title='bbox 835 2655 932 2736; x_wconf 75' lang='lat' dir='ltr'>speeie</span> <span class='ocrx_word' id='word_1_176' title='bbox 954 2659 985 2719; x_wconf 88' lang='lat' dir='ltr'>et</span> <span class='ocrx_word' id='word_1_177' title='bbox 1007 2653 1177 2719; x_wconf 73' lang='lat' dir='ltr'>terribilior</span> <span class='ocrx_word' id='word_1_178' title='bbox 1199 2657 1320 2720; x_wconf 90' lang='lat' dir='ltr'>contra</span> <span class='ocrx_word' id='word_1_179' title='bbox 1342 2653 1486 2718; x_wconf 86' lang='lat' dir='ltr'>eundem</span> 
     </span>
     <span class='ocr_line' id='line_1_23' title="bbox 311 2753 1485 2841; baseline -0.002 -21"><span class='ocrx_word' id='word_1_180' title='bbox 311 2753 489 2820; x_wconf 83' lang='lat' dir='ltr'>Gelenimn</span> <span class='ocrx_word' id='word_1_181' title='bbox 513 2754 653 2838; x_wconf 90' lang='lat' dir='ltr'>eiusque</span> <span class='ocrx_word' id='word_1_182' title='bbox 669 2755 824 2821; x_wconf 86' lang='lat' dir='ltr'>adseclas</span> <span class='ocrx_word' id='word_1_183' title='bbox 847 2760 878 2820; x_wconf 84' lang='lat' dir='ltr'>ei</span> <span class='ocrx_word' id='word_1_184' title='bbox 899 2758 1131 2841; x_wconf 85' lang='lat' dir='ltr'>expungentes</span> <span class='ocrx_word' id='word_1_185' title='bbox 1146 2755 1284 2822; x_wconf 90' lang='lat' dir='ltr'>licuerit</span> <span class='ocrx_word' id='word_1_186' title='bbox 1299 2754 1485 2820; x_wconf 89' lang='lat' dir='ltr'>defendere.</span> 
     </span>
    </p>

    <p class='ocr_par' dir='ltr' id='par_1_6' title="bbox 306 2855 1488 4064">
     <span class='ocr_line' id='line_1_24' title="bbox 394 2855 1486 2942; baseline 0.001 -21"><span class='ocrx_word' id='word_1_187' title='bbox 394 2856 429 2921; x_wconf 97' lang='lat' dir='ltr'>H</span> <span class='ocrx_word' id='word_1_188' title='bbox 452 2859 503 2936; x_wconf 87' lang='grc'>43,</span> <span class='ocrx_word' id='word_1_189' title='bbox 528 2859 612 2922; x_wconf 85' lang='grc'>3-4</span> <span class='ocrx_word' id='word_1_190' title='bbox 634 2855 760 2937; x_wconf 80' lang='lat' dir='ltr'>reliqua</span> <span class='ocrx_word' id='word_1_191' title='bbox 782 2857 852 2922; x_wconf 76' lang='lat' dir='ltr'>eiras</span> <span class='ocrx_word' id='word_1_192' title='bbox 875 2857 934 2941; x_wconf 89' lang='lat' dir='ltr'>[sc.</span> <span class='ocrx_word' id='word_1_193' title='bbox 953 2855 1124 2942; x_wconf 81' lang='lat' dir='ltr'>Caesaris]</span> <span class='ocrx_word' id='word_1_194' title='bbox 1148 2862 1219 2922; x_wconf 90' lang='lat' dir='ltr'>acta</span> <span class='ocrx_word' id='word_1_195' title='bbox 1241 2857 1280 2922; x_wconf 90' lang='lat' dir='ltr'>in</span> <span class='ocrx_word' id='word_1_196' title='bbox 1294 2856 1378 2932; x_wconf 82' lang='lat' dir='ltr'>urbe,</span> <span class='ocrx_word' id='word_1_197' title='bbox 1401 2856 1486 2922; x_wconf 88' lang='lat' dir='ltr'>nodi·</span> 
     </span>
     <span class='ocr_line' id='line_1_25' title="bbox 310 2957 1487 3043; baseline 0.002 -21"><span class='ocrx_word' id='word_1_198' title='bbox 310 2957 491 3039; x_wconf 79' lang='lat' dir='ltr'>lissinaque</span> <span class='ocrx_word' id='word_1_199' title='bbox 520 2957 728 3041; x_wconf 70' lang='lat' dir='ltr'>[notilusima</span> <span class='ocrx_word' id='word_1_200' title='bbox 756 2958 813 3025; x_wconf 83' lang='lat' dir='ltr'>Gn.</span> <span class='ocrx_word' id='word_1_201' title='bbox 842 2980 921 3026; x_wconf 90' lang='lat' dir='ltr'>cum</span> <span class='ocrx_word' id='word_1_202' title='bbox 947 2959 1079 3026; x_wconf 87' lang='lat' dir='ltr'>Haasio</span> <span class='ocrx_word' id='word_1_203' title='bbox 1106 2958 1281 3043; x_wconf 86' lang='lat' dir='ltr'>Halmius]</span> <span class='ocrx_word' id='word_1_204' title='bbox 1309 2959 1487 3024; x_wconf 78' lang='lat' dir='ltr'>Dolabellae</span> 
     </span>
     <span class='ocr_line' id='line_1_26' title="bbox 310 3060 1488 3145; baseline 0.003 -21"><span class='ocrx_word' id='word_1_205' title='bbox 310 3061 468 3125; x_wconf 77' lang='lat' dir='ltr'>aoerlsatio</span> <span class='ocrx_word' id='word_1_206' title='bbox 496 3065 527 3124; x_wconf 84' lang='lat' dir='ltr'>et</span> <span class='ocrx_word' id='word_1_207' title='bbox 551 3060 655 3125; x_wconf 78' lang='lat' dir='ltr'>uiator</span> <span class='ocrx_word' id='word_1_208' title='bbox 680 3061 819 3127; x_wconf 70' lang='lat' dir='ltr'>unitatis</span> <span class='ocrx_word' id='word_1_209' title='bbox 844 3062 884 3127; x_wconf 89' lang='lat' dir='ltr'>in</span> <span class='ocrx_word' id='word_1_210' title='bbox 910 3082 948 3127; x_wconf 87' lang='lat' dir='ltr'>ea</span> <span class='ocrx_word' id='word_1_211' title='bbox 968 3061 1071 3145; x_wconf 73' lang='lat' dir='ltr'>favor,</span> <span class='ocrx_word' id='word_1_212' title='bbox 1104 3081 1202 3143; x_wconf 66' lang='lat' dir='ltr'>wem</span> <span class='ocrx_word' id='word_1_213' title='bbox 1234 3061 1298 3127; x_wconf 89' lang='lat' dir='ltr'>reis</span> <span class='ocrx_word' id='word_1_214' title='bbox 1323 3061 1488 3144; x_wconf 69' lang='lat' dir='ltr'>praestem</span> 
     </span>
     <span class='ocr_line' id='line_1_27' title="bbox 308 3161 1487 3244; baseline 0.002 -18"><span class='ocrx_word' id='word_1_215' title='bbox 308 3162 391 3238; x_wconf 84' lang='lat' dir='ltr'>solet,</span> <span class='ocrx_word' id='word_1_216' title='bbox 418 3161 691 3243; x_wconf 65' lang='lat' dir='ltr'>mentiensque</span> <span class='ocrx_word' id='word_1_217' title='bbox 717 3163 820 3228; x_wconf 75' lang='lat' dir='ltr'>cientes</span> <span class='ocrx_word' id='word_1_218' title='bbox 840 3212 847 3226; x_wconf 88' lang='lat'>.</span> <span class='ocrx_word' id='word_1_219' title='bbox 865 3212 872 3227; x_wconf 91' lang='lat'>.</span> <span class='ocrx_word' id='word_1_220' title='bbox 891 3212 898 3226; x_wconf 91' lang='lat'>.</span> <span class='ocrx_word' id='word_1_221' title='bbox 919 3184 981 3244; x_wconf 79' lang='lat' dir='ltr'>qiio</span> <span class='ocrx_word' id='word_1_222' title='bbox 1007 3163 1135 3229; x_wconf 68' lang='lat' dir='ltr'>neaera</span> <span class='ocrx_word' id='word_1_223' title='bbox 1155 3168 1242 3241; x_wconf 75' lang='lat' dir='ltr'>unii,</span> <span class='ocrx_word' id='word_1_224' title='bbox 1269 3164 1381 3229; x_wconf 89' lang='lat' dir='ltr'>rninus</span> <span class='ocrx_word' id='word_1_225' title='bbox 1402 3165 1487 3230; x_wconf 89' lang='lat' dir='ltr'>indi-</span> 
     </span>
     <span class='ocr_line' id='line_1_28' title="bbox 306 3264 1485 3352; baseline 0.002 -22"><span class='ocrx_word' id='word_1_226' title='bbox 306 3269 385 3349; x_wconf 73' lang='grc'>96161</span> <span class='ocrx_word' id='word_1_227' title='bbox 397 3264 476 3329; x_wconf 85' lang='lat' dir='ltr'>stilo.</span> <span class='ocrx_word' id='word_1_228' title='bbox 504 3264 573 3330; x_wconf 85' lang='lat' dir='ltr'>Vix</span> <span class='ocrx_word' id='word_1_229' title='bbox 583 3265 787 3346; x_wconf 89' lang='lat' dir='ltr'>necessario,</span> <span class='ocrx_word' id='word_1_230' title='bbox 803 3266 962 3351; x_wconf 88' lang='lat' dir='ltr'>quamvis</span> <span class='ocrx_word' id='word_1_231' title='bbox 978 3269 1167 3350; x_wconf 87' lang='lat' dir='ltr'>sequantur</span> <span class='ocrx_word' id='word_1_232' title='bbox 1179 3264 1294 3333; x_wconf 81' lang='lat' dir='ltr'>Catuli</span> <span class='ocrx_word' id='word_1_233' title='bbox 1305 3266 1485 3352; x_wconf 84' lang='lat' dir='ltr'>Mariique,</span> 
     </span>
     <span class='ocr_line' id='line_1_29' title="bbox 309 3365 1485 3451; baseline 0.002 -19"><span class='ocrx_word' id='word_1_234' title='bbox 309 3365 510 3433; x_wconf 89' lang='lat' dir='ltr'>Dolabellae</span> <span class='ocrx_word' id='word_1_235' title='bbox 524 3367 746 3451; x_wconf 89' lang='lat' dir='ltr'>praenomine</span> <span class='ocrx_word' id='word_1_236' title='bbox 760 3404 803 3413; x_wconf 95' lang='lat'>—</span> <span class='ocrx_word' id='word_1_237' title='bbox 819 3366 877 3432; x_wconf 82' lang='lat' dir='ltr'>cfr.</span> <span class='ocrx_word' id='word_1_238' title='bbox 901 3368 937 3433; x_wconf 94' lang='lat' dir='ltr'>H</span> <span class='ocrx_word' id='word_1_239' title='bbox 953 3371 1003 3448; x_wconf 82' lang='lat'>85,</span> <span class='ocrx_word' id='word_1_240' title='bbox 1021 3372 1039 3433; x_wconf 83' lang='lat'>2</span> <span class='ocrx_word' id='word_1_241' title='bbox 1063 3367 1109 3432; x_wconf 82' lang='lat' dir='ltr'>M.</span> <span class='ocrx_word' id='word_1_242' title='bbox 1128 3367 1241 3446; x_wconf 80' lang='lat' dir='ltr'>Lucio,</span> <span class='ocrx_word' id='word_1_243' title='bbox 1264 3371 1301 3434; x_wconf 88' lang='lat' dir='ltr'>at</span> <span class='ocrx_word' id='word_1_244' title='bbox 1314 3369 1485 3450; x_wconf 83' lang='lat' dir='ltr'>Arruntio,</span> 
     </span>
     <span class='ocr_line' id='line_1_30' title="bbox 308 3466 1486 3556; baseline 0.003 -24"><span class='ocrx_word' id='word_1_245' title='bbox 308 3466 469 3552; x_wconf 70' lang='lat' dir='ltr'>Ayrippae</span> <span class='ocrx_word' id='word_1_246' title='bbox 490 3505 542 3549; x_wconf 94' lang='lat'>—,</span> <span class='ocrx_word' id='word_1_247' title='bbox 565 3469 754 3554; x_wconf 82' lang='lat' dir='ltr'>particulas</span> <span class='ocrx_word' id='word_1_248' title='bbox 776 3469 867 3534; x_wconf 91' lang='lat' dir='ltr'>inter</span> <span class='ocrx_word' id='word_1_249' title='bbox 888 3489 924 3535; x_wconf 92' lang='lat' dir='ltr'>se</span> <span class='ocrx_word' id='word_1_250' title='bbox 946 3471 1191 3555; x_wconf 89' lang='lat' dir='ltr'>respondentes</span> <span class='ocrx_word' id='word_1_251' title='bbox 1215 3490 1401 3554; x_wconf 86' lang='lat' dir='ltr'>agnoscere</span> <span class='ocrx_word' id='word_1_252' title='bbox 1422 3490 1486 3556; x_wconf 90' lang='lat' dir='ltr'>par</span> 
     </span>
     <span class='ocr_line' id='line_1_31' title="bbox 310 3571 1488 3656; baseline 0.002 -20"><span class='ocrx_word' id='word_1_253' title='bbox 310 3574 371 3652; x_wconf 88' lang='lat' dir='ltr'>est,</span> <span class='ocrx_word' id='word_1_254' title='bbox 393 3572 433 3635; x_wconf 92' lang='lat' dir='ltr'>ut</span> <span class='ocrx_word' id='word_1_255' title='bbox 453 3571 489 3636; x_wconf 94' lang='lat' dir='ltr'>H</span> <span class='ocrx_word' id='word_1_256' title='bbox 511 3574 541 3651; x_wconf 87' lang='lat'>3,</span> <span class='ocrx_word' id='word_1_257' title='bbox 565 3577 578 3635; x_wconf 90' lang='lat'>1</span> <span class='ocrx_word' id='word_1_258' title='bbox 599 3571 810 3653; x_wconf 63' lang='lat' dir='ltr'>minutisque</span> <span class='ocrx_word' id='word_1_259' title='bbox 831 3576 862 3636; x_wconf 90' lang='lat' dir='ltr'>et</span> <span class='ocrx_word' id='word_1_260' title='bbox 883 3577 1015 3656; x_wconf 67' lang='lat' dir='ltr'>topatus,</span> <span class='ocrx_word' id='word_1_261' title='bbox 1039 3573 1074 3638; x_wconf 97' lang='lat' dir='ltr'>H</span> <span class='ocrx_word' id='word_1_262' title='bbox 1098 3578 1181 3653; x_wconf 81' lang='lat'>77,1</span> <span class='ocrx_word' id='word_1_263' title='bbox 1212 3572 1437 3654; x_wconf 78' lang='lat' dir='ltr'>Caesaremque</span> <span class='ocrx_word' id='word_1_264' title='bbox 1457 3577 1488 3638; x_wconf 86' lang='lat' dir='ltr'>et</span> 
     </span>
     <span class='ocr_line' id='line_1_32' title="bbox 309 3671 1486 3760; baseline 0.002 -22"><span class='ocrx_word' id='word_1_265' title='bbox 309 3671 499 3738; x_wconf 85' lang='lat' dir='ltr'>Antonium.</span> <span class='ocrx_word' id='word_1_266' title='bbox 544 3675 661 3758; x_wconf 89' lang='lat' dir='ltr'>Atque</span> <span class='ocrx_word' id='word_1_267' title='bbox 684 3673 787 3739; x_wconf 88' lang='lat' dir='ltr'>etiarn</span> <span class='ocrx_word' id='word_1_268' title='bbox 809 3674 844 3739; x_wconf 99' lang='lat' dir='ltr'>H</span> <span class='ocrx_word' id='word_1_269' title='bbox 866 3679 918 3755; x_wconf 87' lang='lat'>49,</span> <span class='ocrx_word' id='word_1_270' title='bbox 942 3679 977 3755; x_wconf 93' lang='lat'>4,</span> <span class='ocrx_word' id='word_1_271' title='bbox 1000 3674 1061 3740; x_wconf 89' lang='lat' dir='ltr'>ubi</span> <span class='ocrx_word' id='word_1_272' title='bbox 1085 3675 1282 3760; x_wconf 90' lang='lat' dir='ltr'>ceteroquin</span> <span class='ocrx_word' id='word_1_273' title='bbox 1304 3678 1395 3740; x_wconf 88' lang='lat' dir='ltr'>recte</span> <span class='ocrx_word' id='word_1_274' title='bbox 1416 3673 1486 3740; x_wconf 84' lang='lat' dir='ltr'>fere</span> 
     </span>
     <span class='ocr_line' id='line_1_33' title="bbox 310 3772 1486 3862; baseline 0.003 -22"><span class='ocrx_word' id='word_1_275' title='bbox 310 3772 450 3840; x_wconf 83' lang='lat' dir='ltr'>Gelenio</span> <span class='ocrx_word' id='word_1_276' title='bbox 467 3777 606 3841; x_wconf 88' lang='lat' dir='ltr'>auctore</span> <span class='ocrx_word' id='word_1_277' title='bbox 621 3775 812 3841; x_wconf 88' lang='lat' dir='ltr'>orationem</span> <span class='ocrx_word' id='word_1_278' title='bbox 828 3777 1007 3842; x_wconf 90' lang='lat' dir='ltr'>constituit</span> <span class='ocrx_word' id='word_1_279' title='bbox 1017 3775 1189 3856; x_wconf 89' lang='lat' dir='ltr'>Halmius,</span> <span class='ocrx_word' id='word_1_280' title='bbox 1204 3776 1255 3842; x_wconf 87' lang='lat' dir='ltr'>ita</span> <span class='ocrx_word' id='word_1_281' title='bbox 1268 3777 1486 3862; x_wconf 88' lang='lat' dir='ltr'>potissimum</span> 
     </span>
     <span class='ocr_line' id='line_1_34' title="bbox 310 3876 1487 3962; baseline 0.003 -21"><span class='ocrx_word' id='word_1_282' title='bbox 310 3876 475 3961; x_wconf 85' lang='lat' dir='ltr'>explicari</span> <span class='ocrx_word' id='word_1_283' title='bbox 501 3879 614 3962; x_wconf 90' lang='lat' dir='ltr'>potest</span> <span class='ocrx_word' id='word_1_284' title='bbox 640 3882 680 3942; x_wconf 79' lang='lat' dir='ltr'>ret</span> <span class='ocrx_word' id='word_1_285' title='bbox 705 3878 818 3944; x_wconf 66' lang='lat' dir='ltr'>dende</span> <span class='ocrx_word' id='word_1_286' title='bbox 844 3878 957 3960; x_wconf 73' lang='lat' dir='ltr'>spretis</span> <span class='ocrx_word' id='word_1_287' title='bbox 978 3878 1123 3944; x_wconf 77' lang='lat' dir='ltr'>omnibus</span> <span class='ocrx_word' id='word_1_288' title='bbox 1143 3897 1226 3960; x_wconf 82' lang='lat' dir='ltr'>quae</span> <span class='ocrx_word' id='word_1_289' title='bbox 1246 3877 1364 3944; x_wconf 82' lang='lat' dir='ltr'>Caesar</span> <span class='ocrx_word' id='word_1_290' title='bbox 1382 3885 1487 3962; x_wconf 79' lang='lat' dir='ltr'>postu</span> 
     </span>
     <span class='ocr_line' id='line_1_35' title="bbox 309 3977 1487 4064; baseline 0.004 -21"><span class='ocrx_word' id='word_1_291' title='bbox 309 3977 443 4058; x_wconf 72' lang='lat' dir='ltr'>tarnat,</span> <span class='ocrx_word' id='word_1_292' title='bbox 472 3979 691 4045; x_wconf 71' lang='lat' dir='ltr'>tantumnodo</span> <span class='ocrx_word' id='word_1_293' title='bbox 722 3985 888 4045; x_wconf 67' lang='lat' dir='ltr'>conunuis</span> <span class='ocrx_word' id='word_1_294' title='bbox 920 4001 991 4045; x_wconf 85' lang='lat' dir='ltr'>curn</span> <span class='ocrx_word' id='word_1_295' title='bbox 1018 4001 1090 4047; x_wconf 89' lang='lat' dir='ltr'>una</span> <span class='ocrx_word' id='word_1_296' title='bbox 1116 3980 1234 4064; x_wconf 70' lang='lat' dir='ltr'>leptim</span> <span class='ocrx_word' id='word_1_297' title='bbox 1261 3981 1392 4048; x_wconf 80' lang='lat' dir='ltr'>titirlarn</span> <span class='ocrx_word' id='word_1_298' title='bbox 1412 3983 1487 4048; x_wconf 87' lang='lat' dir='ltr'>reti·</span> 
     </span>
    </p>
   </div>
   <div class='ocr_carea' id='block_1_4' title="bbox 395 4165 1141 4323">
    <p class='ocr_par' dir='ltr' id='par_1_7' title="bbox 395 4165 1141 4323">
     <span class='ocr_line' id='line_1_36' title="bbox 395 4165 1141 4237; baseline 0.003 -17"><span class='ocrx_word' id='word_1_299' title='bbox 395 4166 418 4234; x_wconf 80' lang='grc'>1)</span> <span class='ocrx_word' id='word_1_300' title='bbox 436 4165 492 4220; x_wconf 82' lang='lat' dir='ltr'>Ofr.</span> <span class='ocrx_word' id='word_1_301' title='bbox 510 4165 626 4235; x_wconf 88' lang='lat' dir='ltr'>Neuius,</span> <span class='ocrx_word' id='word_1_302' title='bbox 643 4165 779 4222; x_wconf 86' lang='lat' dir='ltr'>Formenl.</span> <span class='ocrx_word' id='word_1_303' title='bbox 798 4167 822 4222; x_wconf 91' lang='lat' dir='ltr'>d.</span> <span class='ocrx_word' id='word_1_304' title='bbox 840 4167 890 4222; x_wconf 85' lang='lat' dir='ltr'>lat.</span> <span class='ocrx_word' id='word_1_305' title='bbox 909 4167 970 4236; x_wconf 86' lang='lat' dir='ltr'>Spr.</span> <span class='ocrx_word' id='word_1_306' title='bbox 988 4167 1019 4221; x_wconf 76' lang='lat'>1²</span> <span class='ocrx_word' id='word_1_307' title='bbox 1037 4185 1063 4237; x_wconf 88' lang='lat' dir='ltr'>p.</span> <span class='ocrx_word' id='word_1_308' title='bbox 1081 4169 1141 4224; x_wconf 82' lang='lat'>479.</span> 
     </span>
     <span class='ocr_line' id='line_1_37' title="bbox 398 4251 923 4323; baseline 0 -17"><span class='ocrx_word' id='word_1_309' title='bbox 398 4251 421 4319; x_wconf 65' lang='grc'>2)</span> <span class='ocrx_word' id='word_1_310' title='bbox 440 4251 496 4307; x_wconf 82' lang='lat' dir='ltr'>Ofr.</span> <span class='ocrx_word' id='word_1_311' title='bbox 515 4252 660 4322; x_wconf 85' lang='lat' dir='ltr'>Ruehlius,</span> <span class='ocrx_word' id='word_1_312' title='bbox 677 4253 765 4323; x_wconf 82' lang='lat' dir='ltr'>praef.</span> <span class='ocrx_word' id='word_1_313' title='bbox 782 4271 809 4323; x_wconf 83' lang='lat' dir='ltr'>p.</span> <span class='ocrx_word' id='word_1_314' title='bbox 827 4254 923 4310; x_wconf 87' lang='lat' dir='ltr'>XVII.</span> 
     </span>
    </p>
   </div>
   <div class='ocr_carea' id='block_1_5' title="bbox 309 4337 1489 4494">
    <p class='ocr_par' dir='ltr' id='par_1_8' title="bbox 309 4337 1489 4494">
     <span class='ocr_line' id='line_1_38' title="bbox 395 4337 1489 4408; baseline 0.004 -18"><span class='ocrx_word' id='word_1_315' title='bbox 395 4337 418 4404; x_wconf 65' lang='grc'>8)</span> <span class='ocrx_word' id='word_1_316' title='bbox 438 4337 474 4392; x_wconf 87' lang='lat' dir='ltr'>H.</span> <span class='ocrx_word' id='word_1_317' title='bbox 493 4338 580 4405; x_wconf 80' lang='lat' dir='ltr'>Felix,</span> <span class='ocrx_word' id='word_1_318' title='bbox 600 4338 713 4408; x_wconf 80' lang='lat' dir='ltr'>Quaest.</span> <span class='ocrx_word' id='word_1_319' title='bbox 733 4355 847 4408; x_wconf 79' lang='lat' dir='ltr'>gramm.</span> <span class='ocrx_word' id='word_1_320' title='bbox 866 4338 896 4393; x_wconf 93' lang='lat' dir='ltr'>in</span> <span class='ocrx_word' id='word_1_321' title='bbox 913 4339 988 4394; x_wconf 76' lang='lat' dir='ltr'>Vellz</span> <span class='ocrx_word' id='word_1_322' title='bbox 1007 4338 1069 4394; x_wconf 82' lang='lat' dir='ltr'>Pet</span> <span class='ocrx_word' id='word_1_323' title='bbox 1089 4340 1167 4406; x_wconf 83' lang='lat' dir='ltr'>(Hal.</span> <span class='ocrx_word' id='word_1_324' title='bbox 1181 4340 1259 4408; x_wconf 82' lang='lat'>1887)</span> <span class='ocrx_word' id='word_1_325' title='bbox 1277 4357 1303 4408; x_wconf 83' lang='lat' dir='ltr'>p.</span> <span class='ocrx_word' id='word_1_326' title='bbox 1320 4341 1363 4396; x_wconf 87' lang='lat'>48.</span> <span class='ocrx_word' id='word_1_327' title='bbox 1383 4372 1412 4380; x_wconf 93' lang='lat'><em>-</em></span> <span class='ocrx_word' id='word_1_328' title='bbox 1433 4339 1489 4394; x_wconf 81' lang='lat' dir='ltr'>Ofr.</span> 
     </span>
     <span class='ocr_line' id='line_1_39' title="bbox 309 4421 1351 4494; baseline 0.002 -18"><span class='ocrx_word' id='word_1_329' title='bbox 309 4421 392 4476; x_wconf 85' lang='lat' dir='ltr'>etiem</span> <span class='ocrx_word' id='word_1_330' title='bbox 410 4421 441 4474; x_wconf 95' lang='lat' dir='ltr'>II</span> <span class='ocrx_word' id='word_1_331' title='bbox 460 4423 484 4490; x_wconf 87' lang='grc'>7,</span> <span class='ocrx_word' id='word_1_332' title='bbox 497 4423 520 4476; x_wconf 87' lang='grc'>7.</span> <span class='ocrx_word' id='word_1_333' title='bbox 540 4424 598 4490; x_wconf 80' lang='lat'>129,</span> <span class='ocrx_word' id='word_1_334' title='bbox 611 4425 635 4477; x_wconf 83' lang='lat'>2.</span> <span class='ocrx_word' id='word_1_335' title='bbox 654 4423 696 4490; x_wconf 79' lang='lat'>90,</span> <span class='ocrx_word' id='word_1_336' title='bbox 709 4425 733 4491; x_wconf 94' lang='lat'>1,</span> <span class='ocrx_word' id='word_1_337' title='bbox 752 4425 785 4478; x_wconf 91' lang='lat' dir='ltr'>de</span> <span class='ocrx_word' id='word_1_338' title='bbox 804 4423 902 4491; x_wconf 87' lang='lat' dir='ltr'>quibus</span> <span class='ocrx_word' id='word_1_339' title='bbox 919 4422 994 4478; x_wconf 83' lang='lat' dir='ltr'>infre</span> <span class='ocrx_word' id='word_1_340' title='bbox 1012 4441 1069 4493; x_wconf 87' lang='lat' dir='ltr'>cap.</span> <span class='ocrx_word' id='word_1_341' title='bbox 1088 4424 1132 4477; x_wconf 94' lang='lat' dir='ltr'>IV</span> <span class='ocrx_word' id='word_1_342' title='bbox 1150 4430 1179 4479; x_wconf 85' lang='lat' dir='ltr'>et</span> <span class='ocrx_word' id='word_1_343' title='bbox 1196 4426 1225 4480; x_wconf 85' lang='lat' dir='ltr'>X</span> <span class='ocrx_word' id='word_1_344' title='bbox 1243 4431 1351 4494; x_wconf 82' lang='lat' dir='ltr'>egetur.</span> 
     </span>
    </p>
   </div>
   <div class='ocr_carea' id='block_1_6' title="bbox 0 0 1687 5154">
    <p class='ocr_par' dir='ltr' id='par_1_9' title="bbox 0 0 1687 5154">
     <span class='ocr_line' id='line_1_40' title="bbox 0 0 1687 5154; baseline 0 0"><span class='ocrx_word' id='word_1_345' title='bbox 0 0 1687 5154; x_wconf 95' lang='lat' dir='ltr'> </span> 
     </span>
    </p>
   </div>
  </div>
 </body>
</html>
