3358 5154
810 437 1022 499 ..30-

325 601 571 682 Coruncanius,
584 603 607 686 ¹)
621 602 830 668 restituerim
844 603 895 668 ita
915 622 995 668 narn
1017 607 1046 668 et
1059 603 1108 667 itti
1122 603 1261 686 antiqui,
1283 601 1385 690 <qnc>
1400 604 1504 686 primi

323 710 400 770 onte
418 704 563 787 prinam
584 704 696 769 tettan
718 704 897 787 Punicam,
922 725 990 791 eqs.
1037 703 1105 772 cfr.
1129 705 1164 770 II
1187 708 1237 786 28,
1262 709 1281 772 3
1304 705 1431 787 primns
1451 706 1503 772 iiic

327 807 507 872 ..invenit

410 908 503 990 Quid
525 927 630 994 perro
653 909 823 974 iudicetur
846 910 886 974 de
907 909 943 974 Π
960 913 1011 989 25,
1028 915 1057 990 2,
1081 928 1149 994 quo
1172 908 1248 974 1000
1270 909 1296 974 P
1317 911 1500 994 praebente

320 1011 406 1094 felici
437 1011 575 1095 deniqne
608 1011 691 1076 circu
720 1010 863 1094 Cnpnnrn
896 1017 1010 1077 evcntn
1045 1011 1222 1093 Scipionem
1252 1011 1500 1098 Narbonemque

323 1114 428 1196 (recte
450 1114 533 1179 MA
555 1113 819 1198 Norinnnmqne)
842 1115 982 1180 cononice
1008 1119 1151 1196 superet,
1181 1115 1383 1180 adnotatum
1406 1120 1501 1182 esta

320 1215 465 1281 Burerio
500 1216 673 1301 exemplar
706 1220 803 1282 vetus
837 1217 963 1283 habere
990 1216 1075 1299 felici
1102 1216 1214 1281 dende
1243 1215 1327 1281 circa
1355 1215 1499 1299 Capuan

321 1323 444 1397 eventu,
467 1318 504 1383 id
525 1319 618 1403 quod
641 1318 789 1384 editores
812 1319 1022 1404 sequuntur?
1057 1319 1175 1403 Longe
1190 1320 1372 1384 Burerium
1389 1341 1498 1386 remo-

321 1423 396 1485 tum
421 1419 527 1486 fuisse
555 1422 598 1486 ab
627 1441 681 1501 ea,
709 1440 814 1506 quam
835 1421 872 1485 in
899 1420 1068 1486 eiusmodi
1090 1441 1127 1484 re
1150 1420 1340 1506 efflagitare
1365 1427 1499 1488 nosmet

323 1523 561 1588 consuevimus
578 1523 795 1588 accuratione
814 1523 1016 1588 iamdudum
1032 1523 1254 1588 observatum
1270 1528 1330 1605 est,
1354 1546 1497 1611 cumque

324 1625 399 1690 dein
420 1625 556 1710 deniqne
578 1628 747 1710 expuncto
770 1625 845 1690 dein
867 1626 911 1690 ad
933 1626 960 1690 P
982 1625 1164 1690 lectionem
1187 1627 1349 1692 accedens
1373 1628 1498 1694 habeat

321 1780 364 1858 A,
387 1779 461 1864 ipse
484 1780 591 1844 codex
606 1779 844 1844 Murbacensis
859 1779 1020 1844 habuerit
1041 1739 1162 1860 veiim,
1186 1782 1225 1845 ut
1246 1779 1429 1864 legendum
1451 1782 1497 1846 sit

321 1881 529 1946 coniunctim
551 1880 627 1946 dein
649 1880 793 1965 deniqne.
828 1881 1058 1966 Aptissimum
1075 1884 1164 1946 certe
1180 1884 1232 1947 est
1246 1881 1390 1966 deniqne,
1413 1903 1497 1968 quo-

319 1983 414 2048 niam
442 1983 483 2048 de
509 1983 695 2047 invadendi
723 1983 937 2048 cunctatione
960 1981 1103 2049 Sullana
1128 1984 1287 2068 pluribus
1313 1986 1496 2050 100110011-

320 2086 436 2170 posuit
462 2083 623 2165 Velleius,
651 2084 843 2170 diciturque
864 2084 1022 2150 simiiiter
1041 2086 1154 2151 deinde
1171 2091 1323 2168 postremo
1337 2090 1370 2152 et
1384 2088 1497 2153 deinde

320 2187 363 2252 nd
384 2191 559 2252 entrennrn
581 2206 602 2250 a
626 2184 800 2252 Cicerone.

406 2290 472 2355 His
496 2289 706 2373 adiungatur
726 2289 762 2354 II
786 2294 814 2370 7,
839 2293 857 2354 7
881 2288 923 2354 In
947 2289 1062 2373 teprtrn
1081 2289 1216 2355 Gracchi
1237 2290 1324 2356 inter
1342 2292 1496 2373 pernicio-

320 2391 447 2457 sissima
472 2391 708 2457 nnrnernverirn
731 2390 893 2473 (fortasse
913 2392 1041 2457 rectius
1063 2392 1266 2457 nnmcrnrirn
1285 2394 1379 2477 A)²)‚
1415 2396 1497 2478 qnod

318 2499 410 2559 entre
425 2492 558 2558 Italion
572 2493 708 2558 coioniae
717 2493 834 2575 poenit.
857 2493 892 2558 id
905 2494 1059 2559 naiores.
1076 2543 1082 2556 .
1097 2543 1104 2557 .
1127 2494 1295 2578 driipenter
1315 2496 1497 2563 vitaverant

317 2601 347 2661 et
366 2596 444 2661 civis
465 2597 628 2662 Romanos
649 2596 692 2660 nd
713 2596 904 2660 censendam
930 2616 970 2660 en
991 2596 1162 2670 vrevirniis
1188 2597 1227 2662 in
1249 2597 1383 2664 Italion
1410 2618 1494 2664 reve

317 2703 476 2764 caverent.
521 2698 589 2762 Et.
607 2749 613 2760 .
636 2702 860 2763 revocaverant
883 2717 947 2783 pro
975 2703 1012 2762 nt
1028 2747 1060 2761 ..
1083 2699 1296 2765 revocaverint
1317 2701 1343 2764 P
1367 2701 1495 2766 Acida-

317 2801 403 2866 Iium
425 2800 534 2866 secuti
556 2799 674 2878 edunt,
697 2799 734 2864 id
757 2799 849 2883 quod
871 2801 1044 2884 repertum
1067 2801 1103 2864 in
1126 2803 1159 2866 A
1180 2806 1211 2866 et
1226 2849 1258 2865 ..
1281 2803 1496 2868 revocaverint

318 2901 521 2968 confirmare
544 2902 694 2986 cuipiam
716 2901 881 2967 videatur.
920 2901 1066 2966 Revera
1081 2902 1118 2967 in
1133 2904 1248 2968 codice
1262 2904 1313 2968 ita
1327 2905 1494 2990 scriptum

315 3005 523 3122 1001111111..
547 3055 770 3135 revocaverint,
794 3055 862 3120 nisi
883 3056 999 3140 potius
1022 3061 1061 3120 nt
1082 3057 1208 3122 excidit
1229 3059 1309 3141 post
1333 3093 1369 3103 -
1386 3062 1426 3121 nt
1447 3056 1493 3123 ef-

318 3157 512 3242 fectumque
525 3161 577 3223 est
592 3177 633 3222 ex
648 3157 723 3222 solo
739 3157 875 3247 codicis
883 3162 914 3221 et
927 3159 1094 3223 mutando
1110 3163 1149 3223 nt
1162 3159 1198 3223 in
1209 3159 1250 3223 P:
1267 3159 1356 3244 quod
1375 3161 1495 3224 utcun-

315 3279 381 3345 que
404 3279 440 3325 se
462 3260 580 3339 habet,
610 3259 790 3324 emendare
811 3278 875 3344 par
897 3262 950 3325 est
970 3264 1009 3324 nt
1029 3264 1059 3324 et
1081 3259 1260 3344 (=etia1n)
1284 3308 1312 3324 ..
1335 3281 1491 3326 revocare

314 3363 398 3442 rint,
425 3362 463 3427 id
485 3362 577 3447 quod
601 3362 798 3427 dubitanter
819 3362 889 3426 iam
911 3363 943 3426 A
966 3361 1123 3428 lectionis
1146 3364 1288 3447 ignarus
1310 3363 1493 3448 proposuit

315 3466 546 3529 Burmannus.
582 3462 701 3530 0011
727 3470 775 3544 11,
799 3467 828 3530 3.
853 3465 904 3543 88,
921 3467 948 3528 2.
967 3467 996 3530 3.
1021 3468 1071 3542 29,
1089 3468 1117 3530 5.
1142 3468 1193 3545 85,
1211 3469 1239 3545 6,
1263 3468 1366 3550 atque
1389 3465 1492 3530 etiam

314 3567 331 3631 I
358 3569 405 3646 18,
432 3573 458 3631 1.
482 3565 569 3646 119,
594 3569 625 3630 2.·
647 3569 698 3646 69,
722 3571 750 3630 4.
775 3568 826 3645 87,
853 3570 866 3630 1
891 3565 981 3648 (oeteo
1003 3567 1061 3650 nt).

883 3805 922 3884 V.

398 3974 462 4040 Est
489 3993 616 4054 eorum,
644 3994 736 4039 nunc
757 3973 1047 4059 quae'tractaturi
1075 3993 1208 4054 sumus,
1244 3994 1322 4038 cum
1347 3973 1491 4040 materia

312 4077 415 4142 modo
437 4078 585 4142 tractata
606 4075 751 4141 interior
766 4077 936 4161 quaedam
951 4076 1159 4156 coniunctim
1183 4076 1377 4142 videbimus
1400 4077 1490 4141 enim

313 4180 547 4245 deturbata
574 4179 748 4244 interdum
775 4179 979 4259 oratione,
1006 4199 1153 4265 quarum
1181 4179 1364 4244 turbarum
1391 4179 1489 4262 origo

397 4331 421 4400 ¹)
440 4331 496 4386 afr.
514 4331 577 4387 Liv.
595 4331 671 4399 Epit.
689 4330 802 4386 XVIII.

399 4417 420 4486 2)
440 4416 495 4471 cfr.
514 4416 665 4471 Milkauius
683 4417 701 4471 l.
720 4416 738 4471 l.
755 4433 781 4485 p.
799 4417 843 4471 44.
