<?xml version="1.0" encoding="UTF-8"?>
<!DOCTYPE html PUBLIC "-//W3C//DTD XHTML 1.0 Transitional//EN"
    "http://www.w3.org/TR/xhtml1/DTD/xhtml1-transitional.dtd">
<html xmlns="http://www.w3.org/1999/xhtml" xml:lang="en" lang="en">
 <head>
  <title>
</title>
<meta http-equiv="Content-Type" content="text/html;charset=utf-8" />
  <meta name='ocr-system' content='tesseract 3.04.00' />
  <meta name='ocr-capabilities' content='ocr_page ocr_carea ocr_par ocr_line ocrx_word'/>
</head>
<body>
  <div class='ocr_page' id='page_1' title='image "./develleianivolu00goog_0020.png"; bbox 0 0 3358 5154; ppageno 0'>
   <div class='ocr_carea' id='block_1_1' title="bbox 696 481 931 544">
    <p class='ocr_par' dir='ltr' id='par_1_1' title="bbox 696 481 931 544">
     <span class='ocr_line' id='line_1_1' title="bbox 696 481 931 544; baseline 0.026 -20"><span class='ocrx_word' id='word_1_1' title='bbox 696 481 931 544; x_wconf 77' lang='lat'>..15-.</span> 
     </span>
    </p>
   </div>
   <div class='ocr_carea' id='block_1_2' title="bbox 212 645 1390 834">
    <p class='ocr_par' dir='ltr' id='par_1_2' title="bbox 212 645 1390 834">
     <span class='ocr_line' id='line_1_2' title="bbox 212 645 1390 734; baseline 0.003 -22"><span class='ocrx_word' id='word_1_2' title='bbox 212 645 272 730; x_wconf 87' lang='lat' dir='ltr'>[sc.</span> <span class='ocrx_word' id='word_1_3' title='bbox 295 645 506 731; x_wconf 87' lang='lat' dir='ltr'>provinciae]</span> <span class='ocrx_word' id='word_1_4' title='bbox 533 646 687 712; x_wconf 62' lang='lat' dir='ltr'>mammis</span> <span class='ocrx_word' id='word_1_5' title='bbox 713 646 796 712; x_wconf 83' lang='lat' dir='ltr'>bellis</span> <span class='ocrx_word' id='word_1_6' title='bbox 822 667 1002 729; x_wconf 77' lang='lat' dir='ltr'><em>numquam</em></span> <span class='ocrx_word' id='word_1_7' title='bbox 1029 654 1228 729; x_wconf 72' lang='lat' dir='ltr'>emanabat,</span> <span class='ocrx_word' id='word_1_8' title='bbox 1251 648 1311 715; x_wconf 81' lang='lat' dir='ltr'>bae</span> <span class='ocrx_word' id='word_1_9' title='bbox 1334 650 1390 734; x_wconf 88' lang='lat' dir='ltr'>(A,</span> 
     </span>
     <span class='ocr_line' id='line_1_3' title="bbox 212 748 876 834; baseline 0.002 -22"><span class='ocrx_word' id='word_1_10' title='bbox 212 767 266 813; x_wconf 84' lang='lat' dir='ltr'>eae</span> <span class='ocrx_word' id='word_1_11' title='bbox 287 748 326 834; x_wconf 89' lang='lat' dir='ltr'>P)</span> <span class='ocrx_word' id='word_1_12' title='bbox 350 748 494 812; x_wconf 83' lang='lat' dir='ltr'>..ctiam</span> <span class='ocrx_word' id='word_1_13' title='bbox 517 748 695 815; x_wconf 79' lang='lat' dir='ltr'>latrociniis</span> <span class='ocrx_word' id='word_1_14' title='bbox 716 755 876 815; x_wconf 81' lang='lat' dir='ltr'>cecoreat.</span> 
     </span>
    </p>
   </div>
   <div class='ocr_carea' id='block_1_3' title="bbox 211 885 1392 1482">
    <p class='ocr_par' dir='ltr' id='par_1_3' title="bbox 211 885 1392 1482">
     <span class='ocr_line' id='line_1_4' title="bbox 297 885 1392 972; baseline 0.005 -23"><span class='ocrx_word' id='word_1_15' title='bbox 297 885 566 970; x_wconf 77' lang='lat' dir='ltr'>Progrediamur</span> <span class='ocrx_word' id='word_1_16' title='bbox 600 887 645 950; x_wconf 90' lang='lat' dir='ltr'>ad</span> <span class='ocrx_word' id='word_1_17' title='bbox 679 886 748 951; x_wconf 89' lang='lat' dir='ltr'>alia</span> <span class='ocrx_word' id='word_1_18' title='bbox 777 886 990 972; x_wconf 85' lang='lat' dir='ltr'>pronomina.</span> <span class='ocrx_word' id='word_1_19' title='bbox 1035 887 1071 952; x_wconf 91' lang='lat' dir='ltr'>H</span> <span class='ocrx_word' id='word_1_20' title='bbox 1094 891 1145 967; x_wconf 88' lang='lat'>84,</span> <span class='ocrx_word' id='word_1_21' title='bbox 1171 893 1186 952; x_wconf 94' lang='grc'>1</span> <span class='ocrx_word' id='word_1_22' title='bbox 1210 886 1331 972; x_wconf 66' lang='lat' dir='ltr'>abebat</span> <span class='ocrx_word' id='word_1_23' title='bbox 1351 889 1392 954; x_wconf 82' lang='lat' dir='ltr'>ia</span> 
     </span>
     <span class='ocr_line' id='line_1_5' title="bbox 212 985 1392 1075; baseline 0.004 -25"><span class='ocrx_word' id='word_1_24' title='bbox 212 985 271 1050; x_wconf 87' lang='lat' dir='ltr'>boc</span> <span class='ocrx_word' id='word_1_25' title='bbox 286 991 382 1068; x_wconf 75' lang='lat' dir='ltr'>purte</span> <span class='ocrx_word' id='word_1_26' title='bbox 402 987 492 1052; x_wconf 71' lang='grc'>110166</span> <span class='ocrx_word' id='word_1_27' title='bbox 513 989 816 1071; x_wconf 58' lang='lat' dir='ltr'>imcompositos,</span> <span class='ocrx_word' id='word_1_28' title='bbox 842 988 901 1054; x_wconf 83' lang='lat' dir='ltr'>illo</span> <span class='ocrx_word' id='word_1_29' title='bbox 927 987 1110 1054; x_wconf 71' lang='lat' dir='ltr'><strong><em>marcebant</em></strong></span> <span class='ocrx_word' id='word_1_30' title='bbox 1130 989 1241 1055; x_wconf 77' lang='lat' dir='ltr'>omnio</span> <span class='ocrx_word' id='word_1_31' title='bbox 1263 991 1392 1075; x_wconf 89' lang='lat' dir='ltr'>optime</span> 
     </span>
     <span class='ocr_line' id='line_1_6' title="bbox 211 1087 1390 1176; baseline 0.005 -25"><span class='ocrx_word' id='word_1_32' title='bbox 211 1087 425 1174; x_wconf 84' lang='lat' dir='ltr'>intellegitur</span> <span class='ocrx_word' id='word_1_33' title='bbox 451 1109 519 1155; x_wconf 92' lang='lat' dir='ltr'>non</span> <span class='ocrx_word' id='word_1_34' title='bbox 548 1091 695 1171; x_wconf 87' lang='lat' dir='ltr'>adiecto,</span> <span class='ocrx_word' id='word_1_35' title='bbox 721 1091 759 1156; x_wconf 94' lang='lat' dir='ltr'>id</span> <span class='ocrx_word' id='word_1_36' title='bbox 780 1091 874 1176; x_wconf 89' lang='lat' dir='ltr'>quod</span> <span class='ocrx_word' id='word_1_37' title='bbox 895 1090 1132 1157; x_wconf 87' lang='lat' dir='ltr'>Vascosanum</span> <span class='ocrx_word' id='word_1_38' title='bbox 1155 1092 1264 1157; x_wconf 88' lang='lat' dir='ltr'>secuti</span> <span class='ocrx_word' id='word_1_39' title='bbox 1284 1092 1390 1176; x_wconf 81' lang='lat' dir='ltr'>vulgo</span> 
     </span>
     <span class='ocr_line' id='line_1_7' title="bbox 212 1191 1390 1278; baseline 0.003 -24"><span class='ocrx_word' id='word_1_40' title='bbox 212 1193 292 1255; x_wconf 85' lang='lat' dir='ltr'>ante</span> <span class='ocrx_word' id='word_1_41' title='bbox 313 1191 370 1256; x_wconf 78' lang='lat' dir='ltr'>iilo</span> <span class='ocrx_word' id='word_1_42' title='bbox 393 1191 546 1257; x_wconf 91' lang='lat' dir='ltr'>adiciunt</span> <span class='ocrx_word' id='word_1_43' title='bbox 566 1192 621 1257; x_wconf 81' lang='lat' dir='ltr'>iu:</span> <span class='ocrx_word' id='word_1_44' title='bbox 642 1192 745 1258; x_wconf 88' lang='lat' dir='ltr'>sicuti</span> <span class='ocrx_word' id='word_1_45' title='bbox 766 1192 884 1278; x_wconf 90' lang='lat' dir='ltr'>paullo</span> <span class='ocrx_word' id='word_1_46' title='bbox 906 1191 998 1258; x_wconf 76' lang='lat' dir='ltr'>infra</span> <span class='ocrx_word' id='word_1_47' title='bbox 1018 1194 1156 1260; x_wconf 73' lang='lat' dir='ltr'>camum</span> <span class='ocrx_word' id='word_1_48' title='bbox 1170 1193 1246 1259; x_wconf 86' lang='lat' dir='ltr'>boec</span> <span class='ocrx_word' id='word_1_49' title='bbox 1265 1194 1390 1278; x_wconf 59' lang='lat' dir='ltr'>mueni-</span> 
     </span>
     <span class='ocr_line' id='line_1_8' title="bbox 214 1291 1391 1381; baseline 0.007 -27"><span class='ocrx_word' id='word_1_50' title='bbox 214 1291 290 1356; x_wconf 84' lang='lat' dir='ltr'>tado</span> <span class='ocrx_word' id='word_1_51' title='bbox 315 1293 504 1359; x_wconf 86' lang='lat' dir='ltr'>rectissime</span> <span class='ocrx_word' id='word_1_52' title='bbox 526 1294 687 1360; x_wconf 83' lang='lat' dir='ltr'>Halmius</span> <span class='ocrx_word' id='word_1_53' title='bbox 713 1294 824 1360; x_wconf 88' lang='lat' dir='ltr'>tenuit</span> <span class='ocrx_word' id='word_1_54' title='bbox 845 1293 920 1359; x_wconf 84' lang='lat' dir='ltr'>boec</span> <span class='ocrx_word' id='word_1_55' title='bbox 941 1295 1035 1360; x_wconf 89' lang='lat' dir='ltr'>idem</span> <span class='ocrx_word' id='word_1_56' title='bbox 1056 1315 1130 1361; x_wconf 87' lang='lat' dir='ltr'>esse</span> <span class='ocrx_word' id='word_1_57' title='bbox 1155 1296 1247 1381; x_wconf 89' lang='lat' dir='ltr'>quod</span> <span class='ocrx_word' id='word_1_58' title='bbox 1276 1297 1391 1376; x_wconf 89' lang='lat' dir='ltr'>,huius</span> 
     </span>
     <span class='ocr_line' id='line_1_9' title="bbox 212 1393 1296 1482; baseline 0.003 -22"><span class='ocrx_word' id='word_1_59' title='bbox 212 1393 351 1478; x_wconf 85' lang='lat' dir='ltr'>partis‘,</span> <span class='ocrx_word' id='word_1_60' title='bbox 367 1395 416 1460; x_wconf 87' lang='lat' dir='ltr'>ita</span> <span class='ocrx_word' id='word_1_61' title='bbox 438 1396 495 1460; x_wconf 92' lang='lat' dir='ltr'>hic</span> <span class='ocrx_word' id='word_1_62' title='bbox 517 1415 653 1481; x_wconf 88' lang='lat' dir='ltr'>quoque</span> <span class='ocrx_word' id='word_1_63' title='bbox 675 1396 733 1462; x_wconf 84' lang='lat' dir='ltr'>itte</span> <span class='ocrx_word' id='word_1_64' title='bbox 754 1399 869 1482; x_wconf 88' lang='lat' dir='ltr'>potest</span> <span class='ocrx_word' id='word_1_65' title='bbox 891 1416 964 1462; x_wconf 89' lang='lat' dir='ltr'>esse</span> <span class='ocrx_word' id='word_1_66' title='bbox 987 1396 1091 1477; x_wconf 89' lang='lat' dir='ltr'>‚illius</span> <span class='ocrx_word' id='word_1_67' title='bbox 1114 1397 1244 1482; x_wconf 88' lang='lat' dir='ltr'>partis‘.</span> <span class='ocrx_word' id='word_1_68' title='bbox 1287 1437 1296 1454; x_wconf 73' lang='lat'><strong>‹</strong></span> 
     </span>
    </p>
   </div>
   <div class='ocr_carea' id='block_1_4' title="bbox 210 1530 1392 2435">
    <p class='ocr_par' dir='ltr' id='par_1_4' title="bbox 210 1530 1392 2435">
     <span class='ocr_line' id='line_1_10' title="bbox 297 1530 1392 1616; baseline 0.004 -21"><span class='ocrx_word' id='word_1_69' title='bbox 297 1530 333 1595; x_wconf 90' lang='lat' dir='ltr'><strong>H</strong></span> <span class='ocrx_word' id='word_1_70' title='bbox 358 1535 429 1612; x_wconf 89' lang='lat'>103,</span> <span class='ocrx_word' id='word_1_71' title='bbox 452 1537 472 1599; x_wconf 89' lang='lat'>3</span> <span class='ocrx_word' id='word_1_72' title='bbox 494 1531 603 1614; x_wconf 81' lang='lat' dir='ltr'>itaque</span> <span class='ocrx_word' id='word_1_73' title='bbox 624 1533 707 1615; x_wconf 70' lang='lat' dir='ltr'>acted</span> <span class='ocrx_word' id='word_1_74' title='bbox 726 1537 796 1616; x_wconf 78' lang='lat' dir='ltr'>post</span> <span class='ocrx_word' id='word_1_75' title='bbox 815 1532 914 1597; x_wconf 77' lang='lat' dir='ltr'>Inicii</span> <span class='ocrx_word' id='word_1_76' title='bbox 936 1537 1066 1598; x_wconf 79' lang='lat' dir='ltr'>mortem</span> <span class='ocrx_word' id='word_1_77' title='bbox 1088 1532 1192 1598; x_wconf 82' lang='lat' dir='ltr'>adbuc</span> <span class='ocrx_word' id='word_1_78' title='bbox 1218 1533 1392 1600; x_wconf 63' lang='grc'>(10100100</span> 
     </span>
     <span class='ocr_line' id='line_1_11' title="bbox 210 1629 1392 1718; baseline 0.005 -24"><span class='ocrx_word' id='word_1_79' title='bbox 210 1629 314 1713; x_wconf 79' lang='lat' dir='ltr'>facere</span> <span class='ocrx_word' id='word_1_80' title='bbox 335 1632 479 1698; x_wconf 76' lang='grc'>00106101</span> <span class='ocrx_word' id='word_1_81' title='bbox 504 1639 598 1715; x_wconf 76' lang='lat' dir='ltr'>atque</span> <span class='ocrx_word' id='word_1_82' title='bbox 622 1633 819 1700; x_wconf 78' lang='lat' dir='ltr'>vehementer</span> <span class='ocrx_word' id='word_1_83' title='bbox 839 1639 1040 1718; x_wconf 67' lang='lat' dir='ltr'>repausante</span> <span class='ocrx_word' id='word_1_84' title='bbox 1063 1634 1187 1699; x_wconf 81' lang='lat' dir='ltr'>Nereae</span> <span class='ocrx_word' id='word_1_85' title='bbox 1213 1640 1283 1700; x_wconf 81' lang='lat' dir='ltr'>erat</span> <span class='ocrx_word' id='word_1_86' title='bbox 1304 1635 1392 1700; x_wconf 78' lang='lat' dir='ltr'>iabi-</span> 
     </span>
     <span class='ocr_line' id='line_1_12' title="bbox 212 1731 1391 1820; baseline 0.005 -24"><span class='ocrx_word' id='word_1_87' title='bbox 212 1731 303 1814; x_wconf 82' lang='lat' dir='ltr'>bitos‚</span> <span class='ocrx_word' id='word_1_88' title='bbox 336 1740 404 1816; x_wconf 83' lang='lat' dir='ltr'>post</span> <span class='ocrx_word' id='word_1_89' title='bbox 430 1735 601 1818; x_wconf 75' lang='lat' dir='ltr'>atriisque</span> <span class='ocrx_word' id='word_1_90' title='bbox 627 1736 878 1802; x_wconf 61' lang='lat' dir='ltr'>adsciscentibus</span> <span class='ocrx_word' id='word_1_91' title='bbox 904 1736 1021 1801; x_wconf 80' lang='lat' dir='ltr'>obitum</span> <span class='ocrx_word' id='word_1_92' title='bbox 1048 1736 1152 1820; x_wconf 71' lang='lat' dir='ltr'>focem</span> <span class='ocrx_word' id='word_1_93' title='bbox 1167 1738 1391 1819; x_wconf 78' lang='lat' dir='ltr'>perseveravit,</span> 
     </span>
     <span class='ocr_line' id='line_1_13' title="bbox 213 1833 1392 1925; baseline 0.006 -26"><span class='ocrx_word' id='word_1_94' title='bbox 213 1853 281 1918; x_wconf 88' lang='lat' dir='ltr'>sqs.</span> <span class='ocrx_word' id='word_1_95' title='bbox 326 1833 430 1918; x_wconf 71' lang='lat' dir='ltr'>Atura</span> <span class='ocrx_word' id='word_1_96' title='bbox 450 1838 552 1904; x_wconf 85' lang='lat' dir='ltr'>lectio</span> <span class='ocrx_word' id='word_1_97' title='bbox 579 1839 787 1924; x_wconf 84' lang='lat' dir='ltr'>interpolata</span> <span class='ocrx_word' id='word_1_98' title='bbox 814 1837 994 1904; x_wconf 87' lang='lat' dir='ltr'>manifesto</span> <span class='ocrx_word' id='word_1_99' title='bbox 1023 1842 1075 1904; x_wconf 88' lang='lat' dir='ltr'>est</span> <span class='ocrx_word' id='word_1_100' title='bbox 1095 1839 1137 1919; x_wconf 88' lang='lat' dir='ltr'>P;</span> <span class='ocrx_word' id='word_1_101' title='bbox 1163 1841 1307 1925; x_wconf 91' lang='lat' dir='ltr'>propius</span> <span class='ocrx_word' id='word_1_102' title='bbox 1335 1861 1392 1906; x_wconf 87' lang='lat' dir='ltr'>ac-</span> 
     </span>
     <span class='ocr_line' id='line_1_14' title="bbox 215 1937 1391 2026; baseline 0.005 -26"><span class='ocrx_word' id='word_1_103' title='bbox 215 1937 304 2002; x_wconf 87' lang='lat' dir='ltr'>cedit</span> <span class='ocrx_word' id='word_1_104' title='bbox 324 1939 379 2004; x_wconf 89' lang='lat' dir='ltr'>vel</span> <span class='ocrx_word' id='word_1_105' title='bbox 400 1960 481 2021; x_wconf 79' lang='lat' dir='ltr'>qaae</span> <span class='ocrx_word' id='word_1_106' title='bbox 502 1962 536 2006; x_wconf 88' lang='lat' dir='ltr'>co</span> <span class='ocrx_word' id='word_1_107' title='bbox 550 1944 584 2007; x_wconf 90' lang='lat' dir='ltr'>A</span> <span class='ocrx_word' id='word_1_108' title='bbox 606 1941 712 2022; x_wconf 88' lang='lat' dir='ltr'>adid,</span> <span class='ocrx_word' id='word_1_109' title='bbox 735 1941 828 2026; x_wconf 92' lang='lat' dir='ltr'>quod</span> <span class='ocrx_word' id='word_1_110' title='bbox 850 1941 888 2005; x_wconf 91' lang='lat' dir='ltr'>in</span> <span class='ocrx_word' id='word_1_111' title='bbox 911 1941 1027 2006; x_wconf 90' lang='lat' dir='ltr'>codice</span> <span class='ocrx_word' id='word_1_112' title='bbox 1042 1941 1263 2008; x_wconf 87' lang='lat' dir='ltr'>Murbacsnsi</span> <span class='ocrx_word' id='word_1_113' title='bbox 1283 1940 1391 2008; x_wconf 84' lang='lat' dir='ltr'>fuisse</span> 
     </span>
     <span class='ocr_line' id='line_1_15' title="bbox 212 2037 1391 2126; baseline 0.005 -24"><span class='ocrx_word' id='word_1_114' title='bbox 212 2037 349 2105; x_wconf 88' lang='lat' dir='ltr'>Burorii</span> <span class='ocrx_word' id='word_1_115' title='bbox 363 2043 560 2108; x_wconf 87' lang='lat' dir='ltr'>testimonio</span> <span class='ocrx_word' id='word_1_116' title='bbox 577 2044 779 2124; x_wconf 88' lang='lat' dir='ltr'>constiterit,</span> <span class='ocrx_word' id='word_1_117' title='bbox 802 2063 904 2125; x_wconf 76' lang='lat' dir='ltr'>eoque.</span> <span class='ocrx_word' id='word_1_118' title='bbox 917 2044 939 2126; x_wconf 92' lang='lat'>¹)</span> <span class='ocrx_word' id='word_1_119' title='bbox 976 2041 1135 2110; x_wconf 86' lang='lat' dir='ltr'>Efficitur</span> <span class='ocrx_word' id='word_1_120' title='bbox 1149 2047 1262 2110; x_wconf 87' lang='lat' dir='ltr'>autem</span> <span class='ocrx_word' id='word_1_121' title='bbox 1278 2045 1391 2109; x_wconf 90' lang='lat' dir='ltr'>oratio</span> 
     </span>
     <span class='ocr_line' id='line_1_16' title="bbox 212 2142 1389 2231; baseline 0.003 -23"><span class='ocrx_word' id='word_1_122' title='bbox 212 2142 304 2208; x_wconf 90' lang='lat' dir='ltr'>bona</span> <span class='ocrx_word' id='word_1_123' title='bbox 326 2145 359 2208; x_wconf 90' lang='lat' dir='ltr'>st</span> <span class='ocrx_word' id='word_1_124' title='bbox 372 2144 522 2209; x_wconf 87' lang='lat' dir='ltr'>rotunda</span> <span class='ocrx_word' id='word_1_125' title='bbox 535 2146 603 2211; x_wconf 87' lang='lat' dir='ltr'>hoc</span> <span class='ocrx_word' id='word_1_126' title='bbox 616 2146 693 2230; x_wconf 88' lang='lat' dir='ltr'>ipso</span> <span class='ocrx_word' id='word_1_127' title='bbox 709 2149 845 2212; x_wconf 88' lang='lat' dir='ltr'>servato</span> <span class='ocrx_word' id='word_1_128' title='bbox 867 2164 970 2226; x_wconf 79' lang='lat' dir='ltr'>eoque,</span> <span class='ocrx_word' id='word_1_129' title='bbox 994 2145 1088 2230; x_wconf 92' lang='lat' dir='ltr'>quod</span> <span class='ocrx_word' id='word_1_130' title='bbox 1104 2165 1262 2231; x_wconf 88' lang='lat' dir='ltr'>sprevere</span> <span class='ocrx_word' id='word_1_131' title='bbox 1272 2146 1389 2230; x_wconf 84' lang='lat' dir='ltr'>vulg0,</span> 
     </span>
     <span class='ocr_line' id='line_1_17' title="bbox 211 2245 1390 2333; baseline 0.005 -26"><span class='ocrx_word' id='word_1_132' title='bbox 211 2245 353 2329; x_wconf 87' lang='lat' dir='ltr'>recepit,</span> <span class='ocrx_word' id='word_1_133' title='bbox 387 2249 423 2310; x_wconf 89' lang='lat' dir='ltr'>at</span> <span class='ocrx_word' id='word_1_134' title='bbox 449 2266 555 2330; x_wconf 86' lang='lat' dir='ltr'>prave</span> <span class='ocrx_word' id='word_1_135' title='bbox 582 2248 747 2333; x_wconf 79' lang='lat' dir='ltr'>explicuit</span> <span class='ocrx_word' id='word_1_136' title='bbox 773 2251 817 2327; x_wconf 91' lang='lat' dir='ltr'>,et</span> <span class='ocrx_word' id='word_1_137' title='bbox 837 2250 1028 2332; x_wconf 87' lang='lat' dir='ltr'>propterea‘</span> <span class='ocrx_word' id='word_1_138' title='bbox 1051 2248 1218 2328; x_wconf 78' lang='lat' dir='ltr'>KritziuS,</span> <span class='ocrx_word' id='word_1_139' title='bbox 1243 2269 1321 2314; x_wconf 90' lang='lat' dir='ltr'>cum</span> <span class='ocrx_word' id='word_1_140' title='bbox 1343 2249 1390 2314; x_wconf 87' lang='lat' dir='ltr'>sit</span> 
     </span>
     <span class='ocr_line' id='line_1_18' title="bbox 212 2347 1390 2435; baseline 0.004 -25"><span class='ocrx_word' id='word_1_141' title='bbox 212 2347 296 2426; x_wconf 79' lang='lat' dir='ltr'>quod</span> <span class='ocrx_word' id='word_1_142' title='bbox 311 2396 317 2410; x_wconf 91' lang='lat'>.</span> <span class='ocrx_word' id='word_1_143' title='bbox 332 2397 338 2411; x_wconf 91' lang='lat'>.</span> <span class='ocrx_word' id='word_1_144' title='bbox 353 2347 457 2431; x_wconf 78' lang='lat' dir='ltr'>fecere</span> <span class='ocrx_word' id='word_1_145' title='bbox 478 2349 621 2415; x_wconf 82' lang='lat' dir='ltr'>coluerat</span> <span class='ocrx_word' id='word_1_146' title='bbox 642 2369 736 2431; x_wconf 78' lang='lat' dir='ltr'>eoque</span> <span class='ocrx_word' id='word_1_147' title='bbox 753 2398 781 2413; x_wconf 90' lang='lat'>..</span> <span class='ocrx_word' id='word_1_148' title='bbox 797 2354 868 2415; x_wconf 78' lang='lat' dir='ltr'>crat</span> <span class='ocrx_word' id='word_1_149' title='bbox 882 2348 1039 2415; x_wconf 80' lang='lat' dir='ltr'>inhibitus</span> <span class='ocrx_word' id='word_1_150' title='bbox 1053 2351 1145 2414; x_wconf 89' lang='lat' dir='ltr'>idem</span> <span class='ocrx_word' id='word_1_151' title='bbox 1160 2353 1263 2435; x_wconf 88' lang='lat' dir='ltr'>atque</span> <span class='ocrx_word' id='word_1_152' title='bbox 1286 2350 1390 2434; x_wconf 87' lang='lat' dir='ltr'>,quod</span> 
     </span>
    </p>
   </div>
   <div class='ocr_carea' id='block_1_5' title="bbox 215 2447 1391 2538">
    <p class='ocr_par' dir='ltr' id='par_1_5' title="bbox 215 2447 1391 2538">
     <span class='ocr_line' id='line_1_19' title="bbox 215 2447 1391 2538; baseline 0.005 -27"><span class='ocrx_word' id='word_1_153' title='bbox 215 2497 241 2510; x_wconf 91' lang='lat'>..</span> <span class='ocrx_word' id='word_1_154' title='bbox 257 2447 369 2516; x_wconf 85' lang='lat' dir='ltr'>facere</span> <span class='ocrx_word' id='word_1_155' title='bbox 390 2453 548 2517; x_wconf 88' lang='lat' dir='ltr'>voluerat</span> <span class='ocrx_word' id='word_1_156' title='bbox 569 2456 603 2518; x_wconf 90' lang='lat' dir='ltr'>et</span> <span class='ocrx_word' id='word_1_157' title='bbox 624 2472 692 2538; x_wconf 87' lang='lat' dir='ltr'>quo</span> <span class='ocrx_word' id='word_1_158' title='bbox 717 2453 776 2537; x_wconf 89' lang='lat' dir='ltr'>[sc.</span> <span class='ocrx_word' id='word_1_159' title='bbox 792 2450 964 2536; x_wconf 85' lang='lat' dir='ltr'>faciendo]</span> <span class='ocrx_word' id='word_1_160' title='bbox 985 2454 1104 2517; x_wconf 88' lang='lat' dir='ltr'>..erat</span> <span class='ocrx_word' id='word_1_161' title='bbox 1125 2452 1315 2532; x_wconf 90' lang='lat' dir='ltr'>inhibitus‘,</span> <span class='ocrx_word' id='word_1_162' title='bbox 1337 2472 1391 2517; x_wconf 90' lang='lat' dir='ltr'>re·</span> 
     </span>
    </p>
   </div>
   <div class='ocr_carea' id='block_1_6' title="bbox 213 2548 1391 2741">
    <p class='ocr_par' dir='ltr' id='par_1_6' title="bbox 213 2548 1391 2741">
     <span class='ocr_line' id='line_1_20' title="bbox 213 2548 1391 2635; baseline 0.005 -22"><span class='ocrx_word' id='word_1_163' title='bbox 213 2548 358 2616; x_wconf 79' lang='lat' dir='ltr'>labrum</span> <span class='ocrx_word' id='word_1_164' title='bbox 386 2557 467 2619; x_wconf 84' lang='lat' dir='ltr'>noto</span> <span class='ocrx_word' id='word_1_165' title='bbox 494 2574 588 2621; x_wconf 89' lang='lat' dir='ltr'>more</span> <span class='ocrx_word' id='word_1_166' title='bbox 611 2553 836 2622; x_wconf 82' lang='lat' dir='ltr'>Ciceroniana</span> <span class='ocrx_word' id='word_1_167' title='bbox 864 2554 1084 2619; x_wconf 86' lang='lat' dir='ltr'>continuante</span> <span class='ocrx_word' id='word_1_168' title='bbox 1110 2553 1391 2635; x_wconf 84' lang='lat' dir='ltr'>demonstrativo,</span> 
     </span>
     <span class='ocr_line' id='line_1_21' title="bbox 216 2651 1299 2741; baseline 0.003 -25"><span class='ocrx_word' id='word_1_169' title='bbox 216 2651 367 2736; x_wconf 73' lang='lat' dir='ltr'>iobibebe,</span> <span class='ocrx_word' id='word_1_170' title='bbox 390 2658 430 2720; x_wconf 92' lang='lat' dir='ltr'>ut</span> <span class='ocrx_word' id='word_1_171' title='bbox 452 2655 539 2721; x_wconf 90' lang='lat' dir='ltr'>solet</span> <span class='ocrx_word' id='word_1_172' title='bbox 561 2657 775 2741; x_wconf 70' lang='lat' dir='ltr'>prohibere,</span> <span class='ocrx_word' id='word_1_173' title='bbox 799 2656 989 2722; x_wconf 79' lang='lat' dir='ltr'>ablativum</span> <span class='ocrx_word' id='word_1_174' title='bbox 1013 2675 1130 2722; x_wconf 90' lang='lat' dir='ltr'>casum</span> <span class='ocrx_word' id='word_1_175' title='bbox 1152 2659 1299 2740; x_wconf 87' lang='lat' dir='ltr'>regente.</span> 
     </span>
    </p>
   </div>
   <div class='ocr_carea' id='block_1_7' title="bbox 213 2790 1391 3164">
    <p class='ocr_par' dir='ltr' id='par_1_7' title="bbox 213 2790 1391 3164">
     <span class='ocr_line' id='line_1_22' title="bbox 299 2790 1390 2875; baseline 0 -19"><span class='ocrx_word' id='word_1_176' title='bbox 299 2790 335 2856; x_wconf 93' lang='lat' dir='ltr'>H</span> <span class='ocrx_word' id='word_1_177' title='bbox 357 2795 408 2872; x_wconf 81' lang='lat'>87,</span> <span class='ocrx_word' id='word_1_178' title='bbox 431 2795 450 2857; x_wconf 85' lang='lat'><strong>3</strong></span> <span class='ocrx_word' id='word_1_179' title='bbox 476 2791 635 2858; x_wconf 77' lang='lat' dir='ltr'>Canidios</span> <span class='ocrx_word' id='word_1_180' title='bbox 658 2793 804 2858; x_wconf 77' lang='lat' dir='ltr'>timidius</span> <span class='ocrx_word' id='word_1_181' title='bbox 826 2793 964 2871; x_wconf 75' lang='lat' dir='ltr'><strong><em>decessit,</em></strong></span> <span class='ocrx_word' id='word_1_182' title='bbox 985 2812 1082 2874; x_wconf 79' lang='lat' dir='ltr'>quani</span> <span class='ocrx_word' id='word_1_183' title='bbox 1102 2791 1290 2875; x_wconf 72' lang='lat' dir='ltr'>professioni</span> <span class='ocrx_word' id='word_1_184' title='bbox 1310 2792 1390 2872; x_wconf 79' lang='lat' dir='ltr'>eins,</span> 
     </span>
     <span class='ocr_line' id='line_1_23' title="bbox 213 2891 1391 2980; baseline 0.003 -25"><span class='ocrx_word' id='word_1_185' title='bbox 213 2910 279 2972; x_wconf 76' lang='lat' dir='ltr'>quc</span> <span class='ocrx_word' id='word_1_186' title='bbox 300 2913 419 2975; x_wconf 75' lang='lat' dir='ltr'>semper</span> <span class='ocrx_word' id='word_1_187' title='bbox 439 2915 518 2959; x_wconf 82' lang='lat' dir='ltr'>asos</span> <span class='ocrx_word' id='word_1_188' title='bbox 539 2900 618 2975; x_wconf 80' lang='lat' dir='ltr'>erut,</span> <span class='ocrx_word' id='word_1_189' title='bbox 642 2894 837 2980; x_wconf 71' lang='lat' dir='ltr'>resumebat.</span> <span class='ocrx_word' id='word_1_190' title='bbox 874 2891 997 2960; x_wconf 85' lang='lat' dir='ltr'>Oludio</span> <span class='ocrx_word' id='word_1_191' title='bbox 1012 2913 1075 2979; x_wconf 92' lang='lat' dir='ltr'>pro</span> <span class='ocrx_word' id='word_1_192' title='bbox 1090 2895 1159 2958; x_wconf 68' lang='lat' dir='ltr'>aas</span> <span class='ocrx_word' id='word_1_193' title='bbox 1174 2894 1338 2961; x_wconf 87' lang='lat' dir='ltr'>scribenti</span> <span class='ocrx_word' id='word_1_194' title='bbox 1360 2893 1391 2958; x_wconf 87' lang='lat' dir='ltr'>ei</span> 
     </span>
     <span class='ocr_line' id='line_1_24' title="bbox 213 2993 1389 3080; baseline 0.005 -24"><span class='ocrx_word' id='word_1_195' title='bbox 213 2993 385 3060; x_wconf 90' lang='lat' dir='ltr'>immerito</span> <span class='ocrx_word' id='word_1_196' title='bbox 398 2996 580 3062; x_wconf 80' lang='lat' dir='ltr'>obsecutus</span> <span class='ocrx_word' id='word_1_197' title='bbox 593 2999 645 3063; x_wconf 90' lang='lat' dir='ltr'>est</span> <span class='ocrx_word' id='word_1_198' title='bbox 654 2995 826 3076; x_wconf 87' lang='lat' dir='ltr'>Halmius,</span> <span class='ocrx_word' id='word_1_199' title='bbox 840 3015 917 3061; x_wconf 91' lang='lat' dir='ltr'>oum</span> <span class='ocrx_word' id='word_1_200' title='bbox 930 2995 1064 3060; x_wconf 88' lang='lat' dir='ltr'>cautius</span> <span class='ocrx_word' id='word_1_201' title='bbox 1076 2995 1227 3080; x_wconf 83' lang='lat' dir='ltr'>egissent</span> <span class='ocrx_word' id='word_1_202' title='bbox 1234 2995 1389 3062; x_wconf 85' lang='lat' dir='ltr'>Kritzius</span> 
     </span>
     <span class='ocr_line' id='line_1_25' title="bbox 214 3097 429 3164; baseline 0.005 -4"><span class='ocrx_word' id='word_1_203' title='bbox 214 3099 247 3161; x_wconf 92' lang='lat' dir='ltr'>et</span> <span class='ocrx_word' id='word_1_204' title='bbox 268 3097 429 3164; x_wconf 89' lang='lat' dir='ltr'>Haasius.</span> 
     </span>
    </p>
   </div>
   <div class='ocr_carea' id='block_1_8' title="bbox 211 3231 1391 4117">
    <p class='ocr_par' dir='ltr' id='par_1_8' title="bbox 211 3231 1391 4117">
     <span class='ocr_line' id='line_1_26' title="bbox 299 3231 1391 3319; baseline -0.001 -20"><span class='ocrx_word' id='word_1_205' title='bbox 299 3234 336 3299; x_wconf 93' lang='lat' dir='ltr'>H</span> <span class='ocrx_word' id='word_1_206' title='bbox 360 3237 466 3315; x_wconf 76' lang='lat'>108,2</span> <span class='ocrx_word' id='word_1_207' title='bbox 489 3235 645 3318; x_wconf 80' lang='lat' dir='ltr'>cccapctis</span> <span class='ocrx_word' id='word_1_208' title='bbox 666 3235 777 3319; x_wconf 66' lang='lat' dir='ltr'>ibitur,</span> <span class='ocrx_word' id='word_1_209' title='bbox 798 3255 875 3317; x_wconf 76' lang='lat' dir='ltr'>quos</span> <span class='ocrx_word' id='word_1_210' title='bbox 886 3233 1119 3318; x_wconf 77' lang='lat' dir='ltr'>praediximus,</span> <span class='ocrx_word' id='word_1_211' title='bbox 1142 3231 1217 3298; x_wconf 86' lang='lat' dir='ltr'>iocis</span> <span class='ocrx_word' id='word_1_212' title='bbox 1236 3231 1391 3314; x_wconf 79' lang='lat' dir='ltr'>finitimos</span> 
     </span>
     <span class='ocr_line' id='line_1_27' title="bbox 213 3333 1388 3418; baseline 0 -18"><span class='ocrx_word' id='word_1_213' title='bbox 213 3336 317 3401; x_wconf 75' lang='lat' dir='ltr'>omnis</span> <span class='ocrx_word' id='word_1_214' title='bbox 338 3341 399 3401; x_wconf 81' lang='lat' dir='ltr'>cat</span> <span class='ocrx_word' id='word_1_215' title='bbox 418 3336 490 3401; x_wconf 84' lang='lat' dir='ltr'>betto</span> <span class='ocrx_word' id='word_1_216' title='bbox 505 3337 628 3402; x_wconf 83' lang='lat' dir='ltr'>domuit</span> <span class='ocrx_word' id='word_1_217' title='bbox 646 3342 707 3402; x_wconf 82' lang='lat' dir='ltr'>cut</span> <span class='ocrx_word' id='word_1_218' title='bbox 719 3336 953 3402; x_wconf 67' lang='lat' dir='ltr'>obsidionibus</span> <span class='ocrx_word' id='word_1_219' title='bbox 968 3335 1054 3400; x_wconf 80' lang='lat' dir='ltr'>iaris</span> <span class='ocrx_word' id='word_1_220' title='bbox 1067 3335 1121 3400; x_wconf 82' lang='lat' dir='ltr'>sui</span> <span class='ocrx_word' id='word_1_221' title='bbox 1133 3334 1216 3418; x_wconf 82' lang='lat' dir='ltr'>fecit.</span> <span class='ocrx_word' id='word_1_222' title='bbox 1252 3333 1336 3413; x_wconf 81' lang='lat' dir='ltr'>Quos</span> <span class='ocrx_word' id='word_1_223' title='bbox 1350 3336 1388 3416; x_wconf 90' lang='lat' dir='ltr'>P,</span> 
     </span>
     <span class='ocr_line' id='line_1_28' title="bbox 215 3437 1390 3522; baseline -0.002 -19"><span class='ocrx_word' id='word_1_224' title='bbox 215 3441 335 3504; x_wconf 87' lang='lat' dir='ltr'>contra</span> <span class='ocrx_word' id='word_1_225' title='bbox 356 3438 429 3519; x_wconf 82' lang='lat' dir='ltr'>quis</span> <span class='ocrx_word' id='word_1_226' title='bbox 450 3439 488 3504; x_wconf 92' lang='lat' dir='ltr'>M</span> <span class='ocrx_word' id='word_1_227' title='bbox 502 3440 545 3504; x_wconf 84' lang='lat' dir='ltr'>A.</span> <span class='ocrx_word' id='word_1_228' title='bbox 590 3439 816 3504; x_wconf 85' lang='lat' dir='ltr'>Vehementer</span> <span class='ocrx_word' id='word_1_229' title='bbox 843 3438 1090 3504; x_wconf 88' lang='lat' dir='ltr'>collaudandus</span> <span class='ocrx_word' id='word_1_230' title='bbox 1117 3437 1296 3516; x_wconf 88' lang='lat' dir='ltr'>Burerins,</span> <span class='ocrx_word' id='word_1_231' title='bbox 1329 3437 1390 3522; x_wconf 90' lang='lat' dir='ltr'>qui</span> 
     </span>
     <span class='ocr_line' id='line_1_29' title="bbox 212 3538 1390 3626; baseline -0.001 -21"><span class='ocrx_word' id='word_1_232' title='bbox 212 3543 396 3625; x_wconf 88' lang='lat' dir='ltr'>postquam</span> <span class='ocrx_word' id='word_1_233' title='bbox 407 3542 571 3622; x_wconf 88' lang='lat' dir='ltr'>narravit,</span> <span class='ocrx_word' id='word_1_234' title='bbox 584 3542 667 3626; x_wconf 86' lang='lat' dir='ltr'>quid</span> <span class='ocrx_word' id='word_1_235' title='bbox 680 3542 822 3607; x_wconf 90' lang='lat' dir='ltr'>haberet</span> <span class='ocrx_word' id='word_1_236' title='bbox 833 3539 1081 3619; x_wconf 79' lang='lat' dir='ltr'>MurbaoensiS‚</span> <span class='ocrx_word' id='word_1_237' title='bbox 1095 3538 1229 3604; x_wconf 88' lang='lat' dir='ltr'>addidit</span> <span class='ocrx_word' id='word_1_238' title='bbox 1245 3541 1288 3617; x_wconf 89' lang='lat' dir='ltr'>,et</span> <span class='ocrx_word' id='word_1_239' title='bbox 1298 3543 1390 3604; x_wconf 89' lang='lat' dir='ltr'>recte</span> 
     </span>
     <span class='ocr_line' id='line_1_30' title="bbox 213 3640 1389 3728; baseline -0.002 -22"><span class='ocrx_word' id='word_1_240' title='bbox 213 3641 365 3726; x_wconf 92' lang='lat' dir='ltr'>quidem:</span> <span class='ocrx_word' id='word_1_241' title='bbox 399 3662 480 3707; x_wconf 91' lang='lat' dir='ltr'>nam</span> <span class='ocrx_word' id='word_1_242' title='bbox 508 3643 580 3723; x_wconf 74' lang='lat' dir='ltr'>occis</span> <span class='ocrx_word' id='word_1_243' title='bbox 610 3644 678 3708; x_wconf 93' lang='lat' dir='ltr'>hoc</span> <span class='ocrx_word' id='word_1_244' title='bbox 709 3643 786 3709; x_wconf 92' lang='lat' dir='ltr'>loco</span> <span class='ocrx_word' id='word_1_245' title='bbox 818 3662 882 3728; x_wconf 93' lang='lat' dir='ltr'>pro</span> <span class='ocrx_word' id='word_1_246' title='bbox 908 3641 1021 3723; x_wconf 70' lang='lat' dir='ltr'>quibis</span> <span class='ocrx_word' id='word_1_247' title='bbox 1053 3640 1205 3726; x_wconf 88' lang='lat' dir='ltr'>positum</span> <span class='ocrx_word' id='word_1_248' title='bbox 1233 3640 1389 3705; x_wconf 89' lang='lat' dir='ltr'>videtur‘.</span> 
     </span>
     <span class='ocr_line' id='line_1_31' title="bbox 212 3742 1390 3827; baseline -0.002 -19"><span class='ocrx_word' id='word_1_249' title='bbox 212 3745 245 3809; x_wconf 87' lang='lat' dir='ltr'>A</span> <span class='ocrx_word' id='word_1_250' title='bbox 269 3744 366 3809; x_wconf 86' lang='lat' dir='ltr'>cuius</span> <span class='ocrx_word' id='word_1_251' title='bbox 388 3745 517 3810; x_wconf 88' lang='lat' dir='ltr'>iudicio</span> <span class='ocrx_word' id='word_1_252' title='bbox 539 3745 668 3810; x_wconf 90' lang='lat' dir='ltr'>iniuria</span> <span class='ocrx_word' id='word_1_253' title='bbox 690 3746 886 3823; x_wconf 89' lang='lat' dir='ltr'>discessere,</span> <span class='ocrx_word' id='word_1_254' title='bbox 908 3744 963 3808; x_wconf 91' lang='lat' dir='ltr'>vel</span> <span class='ocrx_word' id='word_1_255' title='bbox 986 3763 1063 3808; x_wconf 89' lang='lat' dir='ltr'>cum</span> <span class='ocrx_word' id='word_1_256' title='bbox 1084 3742 1251 3823; x_wconf 86' lang='lat' dir='ltr'>Kritzius,</span> <span class='ocrx_word' id='word_1_257' title='bbox 1274 3743 1334 3827; x_wconf 87' lang='lat' dir='ltr'>qui</span> <span class='ocrx_word' id='word_1_258' title='bbox 1357 3746 1390 3807; x_wconf 89' lang='lat' dir='ltr'>et</span> 
     </span>
     <span class='ocr_line' id='line_1_32' title="bbox 212 3844 1390 3932; baseline 0 -24"><span class='ocrx_word' id='word_1_259' title='bbox 212 3845 287 3930; x_wconf 91' lang='lat' dir='ltr'>ipse</span> <span class='ocrx_word' id='word_1_260' title='bbox 309 3846 432 3930; x_wconf 89' lang='lat' dir='ltr'>pavide</span> <span class='ocrx_word' id='word_1_261' title='bbox 454 3866 490 3912; x_wconf 89' lang='lat' dir='ltr'>se</span> <span class='ocrx_word' id='word_1_262' title='bbox 513 3849 629 3932; x_wconf 87' lang='lat' dir='ltr'>gessit,</span> <span class='ocrx_word' id='word_1_263' title='bbox 652 3867 720 3913; x_wconf 88' lang='lat' dir='ltr'>nou</span> <span class='ocrx_word' id='word_1_264' title='bbox 744 3846 968 3913; x_wconf 84' lang='lat' dir='ltr'>adtractionis</span> <span class='ocrx_word' id='word_1_265' title='bbox 991 3845 1093 3910; x_wconf 92' lang='lat' dir='ltr'>modo</span> <span class='ocrx_word' id='word_1_266' title='bbox 1115 3844 1211 3910; x_wconf 93' lang='lat' dir='ltr'>illius</span> <span class='ocrx_word' id='word_1_267' title='bbox 1234 3844 1390 3929; x_wconf 87' lang='lat' dir='ltr'>exempla</span> 
     </span>
     <span class='ocr_line' id='line_1_33' title="bbox 212 3946 1388 4032; baseline -0.001 -20"><span class='ocrx_word' id='word_1_268' title='bbox 212 3946 337 4013; x_wconf 85' lang='lat' dir='ltr'>idonea</span> <span class='ocrx_word' id='word_1_269' title='bbox 359 3946 430 4028; x_wconf 90' lang='lat' dir='ltr'>(cfr.</span> <span class='ocrx_word' id='word_1_270' title='bbox 454 3950 603 4014; x_wconf 88' lang='lat' dir='ltr'>maxime</span> <span class='ocrx_word' id='word_1_271' title='bbox 619 3951 719 4015; x_wconf 87' lang='lat' dir='ltr'>Auct.</span> <span class='ocrx_word' id='word_1_272' title='bbox 744 3949 789 4014; x_wconf 90' lang='lat' dir='ltr'>ad</span> <span class='ocrx_word' id='word_1_273' title='bbox 803 3948 951 4013; x_wconf 89' lang='lat' dir='ltr'>Herenn.</span> <span class='ocrx_word' id='word_1_274' title='bbox 974 3947 993 4011; x_wconf 92' lang='grc' dir='ltr'>Ι</span> <span class='ocrx_word' id='word_1_275' title='bbox 1016 3949 1114 4032; x_wconf 78' lang='lat'>7,11)</span> <span class='ocrx_word' id='word_1_276' title='bbox 1138 3946 1388 4031; x_wconf 72' lang='lat' dir='ltr'>adsumpsisset,</span> 
     </span>
     <span class='ocr_line' id='line_1_34' title="bbox 211 4047 1390 4117; baseline -0.001 -4"><span class='ocrx_word' id='word_1_277' title='bbox 211 4068 331 4114; x_wconf 88' lang='lat' dir='ltr'>verum</span> <span class='ocrx_word' id='word_1_278' title='bbox 355 4050 456 4115; x_wconf 89' lang='lat' dir='ltr'>etiam</span> <span class='ocrx_word' id='word_1_279' title='bbox 479 4052 679 4117; x_wconf 89' lang='lat' dir='ltr'>recordatus</span> <span class='ocrx_word' id='word_1_280' title='bbox 702 4054 792 4117; x_wconf 86' lang='lat' dir='ltr'>esset</span> <span class='ocrx_word' id='word_1_281' title='bbox 813 4050 956 4116; x_wconf 88' lang='lat' dir='ltr'>ablativi</span> <span class='ocrx_word' id='word_1_282' title='bbox 977 4049 1039 4114; x_wconf 89' lang='lat' dir='ltr'>illa</span> <span class='ocrx_word' id='word_1_283' title='bbox 1056 4048 1169 4114; x_wconf 89' lang='lat' dir='ltr'>forma</span> <span class='ocrx_word' id='word_1_284' title='bbox 1185 4047 1390 4114; x_wconf 87' lang='lat' dir='ltr'>Sallustium</span> 
     </span>
    </p>
   </div>
   <div class='ocr_carea' id='block_1_9' title="bbox 211 4285 1391 4528">
    <p class='ocr_par' dir='ltr' id='par_1_9' title="bbox 211 4285 1391 4528">
     <span class='ocr_line' id='line_1_35' title="bbox 297 4285 1389 4357; baseline 0 -16"><span class='ocrx_word' id='word_1_285' title='bbox 297 4287 320 4356; x_wconf 86' lang='lat'>¹)</span> <span class='ocrx_word' id='word_1_286' title='bbox 342 4286 463 4342; x_wconf 85' lang='lat' dir='ltr'>Dubitat</span> <span class='ocrx_word' id='word_1_287' title='bbox 485 4287 631 4357; x_wconf 86' lang='lat' dir='ltr'>Burerius,</span> <span class='ocrx_word' id='word_1_288' title='bbox 659 4287 732 4343; x_wconf 84' lang='lat' dir='ltr'>sitne</span> <span class='ocrx_word' id='word_1_289' title='bbox 758 4287 905 4357; x_wconf 84' lang='lat' dir='ltr'>legendum</span> <span class='ocrx_word' id='word_1_290' title='bbox 932 4304 994 4355; x_wconf 80' lang='lat' dir='ltr'>-qae</span> <span class='ocrx_word' id='word_1_291' title='bbox 1016 4303 1052 4340; x_wconf 86' lang='lat' dir='ltr'>an</span> <span class='ocrx_word' id='word_1_292' title='bbox 1080 4286 1176 4354; x_wconf 62' lang='lat' dir='ltr'>occa·</span> <span class='ocrx_word' id='word_1_293' title='bbox 1202 4285 1389 4354; x_wconf 79' lang='lat' dir='ltr'>compendium</span> 
     </span>
     <span class='ocr_line' id='line_1_36' title="bbox 211 4370 1391 4443; baseline 0.002 -19"><span class='ocrx_word' id='word_1_294' title='bbox 211 4370 317 4426; x_wconf 85' lang='lat' dir='ltr'>scilicet</span> <span class='ocrx_word' id='word_1_295' title='bbox 339 4372 492 4441; x_wconf 80' lang='lat' dir='ltr'>scripturae</span> <span class='ocrx_word' id='word_1_296' title='bbox 514 4373 671 4443; x_wconf 83' lang='lat' dir='ltr'>perplexius</span> <span class='ocrx_word' id='word_1_297' title='bbox 694 4373 724 4428; x_wconf 90' lang='lat' dir='ltr'>in</span> <span class='ocrx_word' id='word_1_298' title='bbox 750 4373 841 4427; x_wconf 87' lang='lat' dir='ltr'>codice</span> <span class='ocrx_word' id='word_1_299' title='bbox 863 4372 1016 4427; x_wconf 81' lang='lat' dir='ltr'>invenerat.</span> <span class='ocrx_word' id='word_1_300' title='bbox 1058 4371 1115 4426; x_wconf 79' lang='lat' dir='ltr'>Gir.</span> <span class='ocrx_word' id='word_1_301' title='bbox 1133 4370 1165 4425; x_wconf 91' lang='lat' dir='ltr'>Il</span> <span class='ocrx_word' id='word_1_302' title='bbox 1184 4372 1224 4440; x_wconf 84' lang='lat' dir='ltr'>lo,</span> <span class='ocrx_word' id='word_1_303' title='bbox 1241 4372 1266 4426; x_wconf 89' lang='lat'>4.</span> <span class='ocrx_word' id='word_1_304' title='bbox 1296 4372 1391 4437; x_wconf 81' lang='lat'>127‚4</span> 
     </span>
     <span class='ocr_line' id='line_1_37' title="bbox 211 4455 1389 4528; baseline 0 -18"><span class='ocrx_word' id='word_1_305' title='bbox 211 4455 334 4512; x_wconf 80' lang='lat' dir='ltr'>diversas</span> <span class='ocrx_word' id='word_1_306' title='bbox 353 4459 419 4514; x_wconf 86' lang='lat' dir='ltr'>MA</span> <span class='ocrx_word' id='word_1_307' title='bbox 437 4464 467 4514; x_wconf 85' lang='lat' dir='ltr'>et</span> <span class='ocrx_word' id='word_1_308' title='bbox 483 4459 544 4514; x_wconf 80' lang='grc' dir='ltr'>ΡΑ</span> <span class='ocrx_word' id='word_1_309' title='bbox 561 4458 701 4528; x_wconf 85' lang='lat' dir='ltr'>lectiones,</span> <span class='ocrx_word' id='word_1_310' title='bbox 720 4463 749 4514; x_wconf 87' lang='lat' dir='ltr'>et</span> <span class='ocrx_word' id='word_1_311' title='bbox 767 4474 835 4527; x_wconf 84' lang='lat' dir='ltr'>qnae</span> <span class='ocrx_word' id='word_1_312' title='bbox 853 4457 927 4512; x_wconf 83' lang='lat' dir='ltr'>infre</span> <span class='ocrx_word' id='word_1_313' title='bbox 945 4473 1002 4525; x_wconf 81' lang='lat' dir='ltr'>cap.</span> <span class='ocrx_word' id='word_1_314' title='bbox 1020 4457 1049 4513; x_wconf 92' lang='lat' dir='ltr'><strong>V</strong></span> <span class='ocrx_word' id='word_1_315' title='bbox 1067 4457 1100 4512; x_wconf 91' lang='lat' dir='ltr'>de</span> <span class='ocrx_word' id='word_1_316' title='bbox 1118 4457 1149 4510; x_wconf 95' lang='grc' dir='ltr'>Π</span> <span class='ocrx_word' id='word_1_317' title='bbox 1167 4457 1237 4525; x_wconf 69' lang='grc'>1114</span> <span class='ocrx_word' id='word_1_318' title='bbox 1255 4455 1389 4511; x_wconf 84' lang='lat' dir='ltr'>dicentur.</span> 
     </span>
    </p>
   </div>
   <div class='ocr_carea' id='block_1_10' title="bbox 0 0 1684 5154">
    <p class='ocr_par' dir='ltr' id='par_1_10' title="bbox 0 0 1684 5154">
     <span class='ocr_line' id='line_1_38' title="bbox 0 0 1684 5154; baseline 0 0"><span class='ocrx_word' id='word_1_319' title='bbox 0 0 1684 5154; x_wconf 95' lang='lat' dir='ltr'> </span> 
     </span>
    </p>
   </div>
  </div>
 </body>
</html>
