3358 5154
764 445 977 516 ...g-¹

269 622 358 684 ram,
394 608 561 674 auxilium
594 609 781 675 admodum
807 608 877 676 fere
904 610 1057 692 salubre,
1091 631 1169 677 cnm
1204 613 1303 677 antea
1337 611 1445 677 solius

272 706 432 776 editionis
454 711 621 798 principis
638 709 915 799 adnexarumque
931 714 962 779 ei
976 714 1113 780 Burerii
1128 717 1290 779 notarum
1304 715 1445 779 minime

271 811 361 873 certe
374 811 552 896 plenarum
568 833 701 899 operes
718 815 992 904 administranda
1006 815 1136 881 fuisset.
1173 814 1275 896 Quod
1287 815 1444 901 quamvis

270 910 431 978 Halmius
453 914 667 996 intellexerit,
692 917 797 984 nimis
817 937 881 1008 nec
898 916 986 985 usus
1000 918 1201 1003 plerumque
1223 937 1285 983 666
1300 916 1444 996 diffisus,

270 1033 528 1101 nonnumquam
540 1019 599 1100 A¹)
613 1038 689 1083 cum
701 1019 727 1082 P
740 1020 908 1107 pugnanti
921 1019 1064 1105 obsequi
1076 1019 1247 1085 dubitavit
1257 1039 1445 1105 perperam.

356 1115 544 1184 Ordiamur
563 1121 606 1186 ab
623 1121 892 1208 orthographica
907 1111 1114 1207 quaestione.
1151 1120 1228 1202 Quo
1243 1122 1445 1207 priusquam

272 1218 489 1301 accedamus,
523 1222 682 1296 universe
703 1223 745 1289 de
768 1223 861 1288 omni
884 1223 949 1288 hoc
972 1243 1094 1309 genere
1124 1224 1305 1289 dicendum
1328 1243 1391 1290 nos
1415 1225 1448 1288 et

271 1319 329 1385 hic
355 1322 389 1386 61
414 1323 526 1390 sicubi
551 1323 643 1389 infra
676 1325 720 1390 ad
752 1325 837 1391 talia
871 1326 1101 1406 deveniemuS,
1136 1325 1172 1391 id
1205 1344 1374 1411 pugnare,
1408 1329 1448 1391 ut

271 1420 403 1488 Velleio
426 1445 467 1489 ex
489 1427 624 1492 testatis
647 1447 704 1494 eas
726 1426 855 1494 formas
874 1428 1122 1494 vocabulorum
1143 1429 1338 1508 reddamus,
1361 1447 1447 1514 6666

272 1523 415 1610 abipso
437 1526 608 1612 profectas
633 1549 706 1596 esse
728 1531 801 1596 veri
823 1530 936 1596 simile
957 1531 1013 1611 sit,
1042 1531 1296 1616 aequabilitatis
1319 1531 1448 1596 omissa

272 1644 364 1691 cura.
408 1629 522 1714 Atque
544 1650 586 1695 66
608 1632 787 1697 Halmium
814 1633 952 1719 quidem
974 1632 1251 1719 aequabilitatem
1274 1633 1448 1699 scribendi

272 1728 369 1794 enixe
401 1735 554 1798 secutum
589 1753 662 1800 esse
696 1735 824 1820 passim
854 1734 1003 1816 elucet,²)
1038 1754 1147 1820 66666
1178 1755 1258 1801 vero
1293 1718 1447 1801 secutum

273 1831 412 1906 6166166
438 1833 607 1901 Velleium
641 1837 756 1922 ipsum
788 1835 964 1903 festinanti
997 1837 1078 1902 stilo
1113 1855 1199 1922 opus
1233 1856 1335 1903 suum
1368 1857 1447 1902 con-

273 1931 466 2016 signantem
499 1939 757 2025 maioribusque
793 1941 853 2005 aut
874 1939 1065 2005 minoribus
1093 1939 1216 2024 pannis
1243 1940 1325 2005 hine
1351 1939 1448 2004 111166

274 2033 424 2121 adreptis
451 2039 717 2126 distinguentem
746 2041 892 2126 aliisque
919 2041 1022 2106 etiam
1048 2041 1085 2106 16
1107 2041 1210 2107 16166
1234 2060 1255 2105 6
1277 2041 1448 2107 constanti

272 2152 338 2199 usu
361 2137 600 2228 disiunctumb
625 2144 890 2222 adseveraveris,
913 2143 994 2208 11661
1009 2146 1272 2209 consentaneum
1288 2143 1385 2209 sitin
1408 2163 1446 2209 66

358 2289 378 2358 ¹)
395 2292 509 2348 Utimur
526 2300 558 2349 61
577 2295 696 2351 editione
714 2296 756 2350 ita
774 2296 854 2365 siglis
873 2295 1044 2362 Halmianis;
1062 2300 1106 2351 661
1123 2295 1224 2365 igitur:

424 2381 452 2432 A
469 2402 504 2422 =
521 2381 709 2450 apographum
726 2381 909 2449 Amerbacbii,

425 2466 454 2519 M
471 2489 505 2509 =
522 2468 606 2522 codex
624 2468 811 2523 Murbacensis
830 2483 864 2521 ex
882 2467 1027 2522 collatione
1045 2468 1161 2536 Burerii,

361 2582 366 2592 ι
429 2550 453 2604 P
470 2575 504 2594 =
522 2552 606 2608 611116
624 2553 749 2622 princeps
767 2552 949 2621 Basileensis,
972 2553 1048 2608 cuins
1071 2554 1224 2622 exemplum
1247 2552 1358 2607 adhibui
1377 2553 1448 2621 6661

562 2638 687 2692 6611111.
706 2654 763 2707 reg.
781 2639 856 2692 univ.
875 2638 994 2693 Vratisl.

356 2719 505 2776 Praeterea
522 2724 684 2777 mouendum
702 2722 1006 2778 66616116616611616
1029 2723 1065 2776 iri
1088 2721 1235 2790 curiosius,
1263 2722 1310 2777 ubi
1334 2721 1449 2791 6616666

274 2805 439 2860 6661661166
457 2823 534 2861 snam
552 2808 716 2876 exposuerit,
736 2808 760 2862 si
777 2808 865 2877 possit
877 2808 937 2864 erui
949 2807 1061 2864 evoluta
1072 2806 1178 2862 Kritzii
1190 2807 1309 2863 editione
1327 2809 1448 2864 maiore.²

272 2888 338 2957 Lps.
357 2890 431 2945 1848.

357 2975 377 3042 ²)
402 2977 495 3033 Pauca
522 2978 670 3033 sufficiant.
711 2979 844 3034 Probavit
862 2979 919 3047 16,
938 2980 955 3032 2
983 2977 1139 3032 tricensimo
1156 2977 1200 3046 M,
1227 2983 1323 3032 contra
1340 2977 1372 3032 II
1390 2979 1448 3046 5,7

274 3059 418 3128 tricesimo,
438 3063 538 3118 similia
557 3079 651 3131 saepe;
674 3062 764 3131 1187,
784 3065 798 3117 1
816 3063 1019 3118 Alexandream
1038 3063 1112 3131 uA,
1131 3066 1227 3118 contra
1245 3062 1311 3117 alibi
1329 3063 1449 3116 Aleman-

272 3145 337 3200 drie
355 3145 431 3216 (neg
450 3148 481 3200 II
498 3150 569 3216 eol
588 3148 744 3212 Delmatia,
762 3148 825 3204 aliis
842 3147 909 3203 locis
922 3147 1072 3216 Delmatia,
1091 3147 1246 3216 Delmatae,
1259 3147 1449 3215 Delmaticum*

272 3232 288 3285 I
305 3232 346 3299 14,
358 3233 376 3286 8
387 3232 574 3288 Brundisium
585 3233 613 3289 A
622 3235 654 3303 P,
672 3234 771 3289 6616116
784 3234 850 3289 16616
863 3234 987 3289 6661166
999 3233 1194 3288 Brmidusium
1206 3233 1262 3302 (ii)
1281 3238 1310 3289 61
1328 3234 1359 3287 II
1377 3235 1418 3303 86,
1431 3235 1448 3287 3

273 3316 486 3372 Brundusinam
504 3334 564 3372 eum
575 3317 603 3373 A
621 3323 717 3373 666116
728 3318 760 3386 Ρ,
780 3334 833 3387 666
851 3319 880 3373 16
897 3335 926 3373 16
945 3334 1006 3374 666
1024 3318 1100 3386 fugit
1117 3319 1204 3386 1176,
1222 3317 1350 3373 30161111
1362 3333 1450 3372 611616-

273 3402 350 3470 plum
376 3403 409 3457 ab
435 3403 568 3459 Fechtero
595 3404 644 3459 hoc
670 3404 729 3459 loco
755 3420 810 3458 non
837 3404 990 3460 refutatum
1015 3402 1203 3458 Brundisium
1225 3403 1254 3458 A
1280 3401 1448 3458 exhibereP

273 3487 385 3543 lectioni
396 3487 591 3543 Brundusium
603 3489 722 3544 fortasse
733 3505 788 3544 non
799 3490 1024 3558 postponendum.
1048 3487 1160 3544 Tertiae
1172 3488 1363 3543 declinationis
1375 3503 1451 3542 6666-

274 3573 378 3628 sativos
396 3573 502 3630 numeri
517 3574 634 3643 pluralis
645 3574 738 3629 166611
749 3575 827 3629 6616
838 3575 869 3629 16
885 3591 925 3629 -es
941 3576 1019 3629 modo
1036 3574 1066 3628 in
1084 3574 1120 3628 -is
1137 3573 1309 3629 terminatos:
1330 3577 1361 3628 at
1378 3573 1450 3628 idem

274 3660 407 3714 secundae
430 3660 620 3715 declinationis
642 3661 836 3716 vocabulorum
857 3661 886 3715 in
908 3660 963 3716 ius
986 3666 1015 3716 et
1039 3660 1109 3715 ium
1131 3661 1289 3716 exeuntium
1311 3659 1450 3730 genitivos

274 3744 380 3800 numeri
398 3744 547 3815 singularis
566 3746 683 3815 simplici
701 3746 724 3800 ·i
741 3747 903 3802 terminatos
925 3746 1004 3801 furca
1021 3746 1138 3814 expulit,
1166 3745 1220 3800 nisi
1242 3745 1289 3800 ubi
1312 3745 1450 3800 antecedit

274 3829 385 3898 vocalis,
404 3847 473 3899 6666
491 3832 648 3886 6666166116
665 3832 695 3886 16
712 3836 793 3887 16616
810 3832 994 3900 exemplorum
1006 3831 1206 3886 contrariorum
1224 3831 1308 3900 copia,
1327 3830 1451 3898 aequalis

275 3931 381 3984 666666
403 3916 534 3972 Rhetoris
557 3916 676 3972 Senecae
698 3933 752 3971 usu
774 3916 897 3984 firmata,
918 3933 1005 3986 prava
1027 3916 1168 3985 videatur,
1196 3916 1262 3971 licet
1283 3916 1313 3969 in
1335 3916 1452 3969 alteram

274 4005 382 4070 partem
406 4017 532 4069 peccasse
558 4018 669 4057 6666666
687 4001 840 4070 Kritzium,
867 4002 914 4070 661
936 4001 996 4070 (cfr.
1018 4002 1078 4058 6166
1096 4001 1206 4071 Proleg.
1223 4019 1249 4070 p.
1269 3999 1380 4055 OXXII
1398 4002 1449 4068 sq.)

274 4085 374 4154 611666
391 4086 461 4140 1666
479 4084 630 4141 breviorem
642 4085 864 4141 terminationem
875 4085 984 4141 Velleio
997 4087 1113 4140 dandam
1133 4101 1194 4140 esse
1207 4084 1260 4139 sibi
1276 4084 1453 4152 persuaserit.

360 4170 381 4238 ³)
400 4170 488 4227 Velut
510 4171 622 4226 variant
644 4171 765 4227 Graecae
782 4171 955 4239 Latinaeque
979 4170 1170 4226 declinationis
1188 4170 1300 4224 formae.
1336 4169 1396 4240 Quo
1423 4169 1452 4224 in

275 4271 375 4325 genere
392 4255 507 4311 maxime
530 4256 666 4311 notabiles
685 4261 751 4311 sunt
768 4256 920 4312 accusativi
937 4255 1052 4311 Persam
1070 4255 1085 4309 1
1102 4256 1157 4324 e,4
1174 4259 1203 4309 61
1221 4254 1324 4310 Persen
1342 4255 1358 4309 1
1376 4256 1416 4324 11,
1436 4256 1451 4308 1

275 4357 331 4395 una
343 4357 404 4396 cum
416 4341 539 4410 genitivo
552 4341 647 4396 Persei
659 4343 674 4396 I
686 4344 710 4410 9,
723 4342 747 4396 6.
766 4340 840 4411 Quid
851 4357 939 4410 porro,
953 4343 1024 4410 6661
1036 4342 1088 4410 14,
1100 4343 1119 4396 4
1130 4339 1344 4410 Mytilenenque,
1356 4345 1452 4395 contra

276 4427 308 4481 II
325 4428 366 4496 53,
384 4429 401 4480 2
419 4444 437 4481 u
454 4426 600 4498 Mytilenis
617 4426 753 4482 babetur?
